1906 2984
884 278 1123 321 *50—

332 402 410 451 tin
457 402 469 420 ¹
515 415 565 451 et
611 402 842 451 l'auteur
889 402 954 451 de
1008 414 1123 452 tant
1168 404 1401 453 d'autres
1443 420 1653 453 oeuvres

332 482 755 548 remarquableS,
778 483 903 533 etait
925 496 1054 534 tenu
1075 501 1141 534 en
1162 485 1387 548 France,
1407 501 1519 535 non
1538 502 1652 535 seu-

331 566 534 616 lement
560 564 589 614 a
611 564 964 616 l'Universite‘
980 566 1044 616 de
1066 566 1237 630 PariS,
1262 566 1398 617 mais
1419 568 1552 617 dans
1578 567 1654 616 les

333 647 568 713 colleges
603 663 629 694 (c
668 659 718 697 et
753 646 831 697 les
869 647 1065 698 classes
1104 650 1308 698 memes
1337 648 1602 699 d'enfants
1627 668 1651 698 »

334 732 406 780 ou
430 745 531 779 son
558 745 689 779 nom
713 728 840 779 etait
865 730 1004 780 aime
1028 742 1078 780 et
1107 730 1315 780 celebre
1332 730 1366 781 ².

390 944 424 971 1.
461 930 524 971 Ce
571 929 753 970 dernier
799 937 963 971 auteur
1009 929 1077 970 fut
1116 929 1287 971 traduit
1329 942 1410 983 par
1456 928 1585 970 Ficin
1632 929 1658 969 a

334 996 631 1051 l’instigation
673 997 728 1037 de
768 997 858 1037 Pie.
883 997 1089 1049 Corsius,
1122 996 1332 1038 Mat-Silii
1357 996 1509 1036 Ficini
1547 995 1654 1044 vita,

333 1064 447 1103 dans
472 1064 513 1103 le
546 1062 717 1104 recueil
740 1063 794 1103 de
813 1063 1015 1114 Galletti,
1036 1063 1239 1116 Philippi
1274 1062 1441 1103 Villani
1468 1063 1580 1103 liber
1603 1061 1657 1101 de

333 1130 531 1171 civitatis
561 1129 811 1170 Florentiae
833 1161 910 1170 .....
939 1135 983 1170 et
1008 1129 1064 1170 de
1084 1129 1449 1170 Florentium-um
1479 1129 1658 1169 littera-

334 1202 438 1238 tura
462 1229 471 1238 .
568 1197 803 1247 Florence,
841 1195 966 1250 1847,
993 1197 1120 1248 in-4⁰‚
1148 1210 1190 1249 p.
1225 1195 1318 1250 189.

388 1276 427 1304 2.
467 1278 486 1303 «
531 1263 759 1303 Robertus
806 1262 921 1317 Gag.
974 1263 1198 1303 Marcillio
1251 1262 1348 1315 (sic)
1395 1262 1567 1303 Ficino.
1612 1264 1656 1303 S.

336 1332 537 1372 «Virtus
580 1338 623 1370 et
663 1330 887 1383 sapientia
919 1339 996 1370 tua
1029 1330 1204 1381 Ficine,
1240 1338 1365 1370 tanta
1411 1330 1457 1369 in
1503 1337 1660 1370 nostra

335 1399 535 1439 maxime
567 1398 817 1438 Academia
848 1397 1089 1450 parisiensi
1121 1396 1443 1438 circumfertur
1471 1405 1521 1438 ut
1553 1409 1659 1437 cum

335 1466 381 1506 in
412 1465 788 1506 doctissimorum
821 1465 1028 1505 virorum
1062 1464 1283 1517 collegiis,
1310 1472 1408 1505 tum
1440 1465 1486 1503 in
1508 1465 1661 1505 classi-

336 1533 422 1574 bus
452 1533 591 1573 etiam
624 1544 876 1585 puerorum
920 1540 1052 1573 tuum
1089 1543 1259 1572 nomen
1301 1539 1480 1572 ametur
1523 1539 1661 1584 atque

335 1600 604 1641 celebretur.
630 1600 791 1640 Testes
812 1608 998 1640 tuorum
1019 1598 1292 1639 meritorum
1315 1606 1421 1639 sunt
1448 1598 1539 1639 illis
1565 1611 1663 1651 pren

335 1667 446 1708 clari
464 1667 644 1707 labores
667 1667 733 1708 tui
763 1680 878 1720 quos
893 1675 943 1707 ut
961 1667 1201 1706 Platonem
1226 1665 1425 1706 latinum
1449 1666 1662 1706 redderes

337 1733 634 1786 desumpsisti
655 1746 663 1773 ε
685 1742 820 1787 auget
844 1733 1039 1787 gloriam
1057 1741 1184 1774 tuam
1202 1732 1409 1773 Plotinus
1427 1744 1480 1772 ex
1505 1732 1662 1773 schola

337 1800 539 1841 Platonis
583 1800 753 1840 latinus
805 1813 829 1840 a
881 1808 922 1840 te
964 1799 1124 1841 factus.
1174 1799 1411 1852 Leguntur
1456 1807 1664 1852 preterea

337 1875 475 1920 atque
494 1867 540 1906 in
563 1867 708 1919 pretio
732 1866 961 1907 habentur
980 1866 1070 1906 alia
1095 1865 1430 1907 lucubrationis
1448 1873 1523 1907 tue
1540 1866 1665 1906 volu-

338 1934 464 1974 mina
483 1942 526 1974 et
541 1933 792 1974 familiares
811 1933 1001 1986 epistole
1016 1933 1185 1986 quibus
1203 1932 1420 1973 omnibus
1431 1932 1664 1985 plerisque

337 2008 596 2042 nostratum
633 2001 1019 2042 scholasticorum
1055 2000 1216 2041 ardent
1249 2007 1290 2040 te
1316 1999 1429 2040 facie
1454 2011 1591 2039 nosce
1621 2007 1664 2038 et

339 2068 506 2110 intueri
544 2068 782 2108 hominem
807 2080 832 2107 a
868 2080 961 2120 quo
987 2075 1081 2107 tam
1112 2067 1315 2120 preclara
1337 2066 1542 2106 doctrina
1566 2078 1663 2105 mo—

339 2143 560 2177 numenta
593 2136 863 2188 prodierunt
869 2167 947 2185 .....
975 2147 1027 2175 ex
1059 2133 1263 2186 Parisiis,
1294 2133 1354 2173 kl.
1389 2132 1663 2185 septembris

340 2205 399 2244 M.
424 2203 596 2244 CCCC.
621 2203 775 2244 XCVI.
797 2217 816 2242 ›>
850 2203 996 2256 Epist.
1018 2216 1141 2254 Lvm,
1169 2201 1246 2242 fol.
1276 2201 1348 2253 45.
1380 2201 1509 2241 Cette
1533 2200 1663 2239 lettre

341 2283 542 2326 manque
569 2271 682 2312 dans
709 2278 856 2312 toutes
875 2271 940 2312 les
970 2267 1166 2311 editions
1186 2269 1240 2310 de
1266 2267 1449 2309 Marsile
1467 2266 1608 2307 Ficin.
