1906 2984
665 283 937 340 -159-

140 405 466 451 Sanctitatem
504 407 749 453 Vestram.
787 408 965 452 Fertur
1003 419 1117 451 eum
1157 404 1334 450 fecisse
1361 402 1455 447 iter

136 493 224 537 per
245 479 586 539 Germaniam3
608 482 759 540 quod,
781 491 835 527 ut
855 480 1117 534 credimus,
1142 478 1258 524 fecit
1273 476 1454 523 timens

138 567 199 597 ne
222 553 272 598 in
292 568 466 599 manus
491 555 691 599 Domini
715 555 932 614 Philippi
956 555 1016 600 de
1045 551 1298 599 Sabaudia
1322 549 1456 595 veni-

140 637 236 685 ret3
258 642 371 672 narn
396 627 434 672 si
464 628 635 674 ivisset
655 643 744 687 per
772 628 1004 685 Galliam,
1030 638 1134 672 erat
1152 624 1454 671 transiturus

135 716 225 760 per
253 701 555 746 Sabaudiam
596 702 672 747 vel
713 716 801 762 per
845 702 1168 757 Delfinatum,
1205 698 1347 744 cuius
1382 707 1455 741 est

136 776 442 835 gubernator
468 775 574 835 ipse
588 775 837 820 Dominus
854 773 1283 835 Philippus,apud
1307 786 1455 831 quem

139 849 522 894 Mirandulanus
560 849 736 895 timere
778 849 1027 909 potuisset
1069 862 1132 893 ne
1176 847 1313 906 quod
1358 845 1453 890 sibi

139 934 395 984 supererat
420 934 683 983 cogeretur
711 924 843 983 apud
870 922 1132 967 dominum
1167 920 1456 979 Philippum

137 997 387 1043 dimittere
410 1013 421 1055 ;
460 1008 508 1043 et
530 1008 697 1056 preter
723 997 836 1054 hoc,
864 997 1075 1041 fortasse
1105 994 1332 1040 audierat
1364 992 1455 1036 ali-

138 1072 257 1131 quid
284 1083 456 1118 contra
484 1086 534 1116 se
558 1072 844 1118 ordinatum
871 1086 995 1116 esse.
1026 1072 1140 1115 Non
1174 1068 1266 1114 erit
1289 1078 1455 1113 tamen

138 1146 321 1192 mirum
372 1147 412 1192 si
460 1147 512 1192 in
561 1146 780 1205 aliquem
830 1145 1067 1204 laqueum
1125 1142 1313 1188 incidet
1360 1139 1454 1184 sibi

134 1231 389 1280 paratum3
433 1221 519 1266 sed
565 1220 698 1280 quia,
729 1231 784 1265 ut
824 1218 971 1263 nobis
1016 1216 1271 1263 Placentie
1313 1213 1452 1270 dixit,

137 1293 371 1352 cupiebat
394 1294 646 1353 proficisci
674 1294 725 1338 in
756 1292 1075 1338 Germaniam
1112 1290 1324 1336 maxime
1351 1299 1455 1333 stu-

137 1363 220 1408 dio
236 1364 439 1409 visende
458 1363 761 1410 bibliothece
788 1362 909 1408 olim
929 1361 1195 1408 cardinalis
1216 1362 1276 1406 de
1303 1361 1454 1419 Cusa,

139 1448 186 1483 et
211 1437 457 1482 librorum
487 1437 945 1497 comparandorum
972 1450 1140 1493 causa,
1160 1435 1287 1480 forte
1308 1435 1457 1481 etiam

136 1521 341 1571 propter
365 1511 460 1557 hoc
483 1511 659 1557 maluit
692 1526 781 1571 per
812 1509 1132 1555 Germaniam
1154 1509 1249 1554 iter
1274 1508 1453 1553 facere.

139 1588 195 1631 In
223 1600 374 1645 regno
398 1595 566 1632 tamen
602 1585 718 1642 isto,
747 1595 794 1630 et
828 1584 880 1629 in
912 1584 1122 1640 honore,
1147 1593 1194 1628 et
1219 1582 1271 1627 in
1302 1597 1455 1642 pecu-

140 1658 254 1715 niis,
278 1670 483 1718 propter
502 1674 559 1704 ea
582 1674 678 1718 que
702 1670 749 1705 et
774 1657 1006 1718 Lugduni
1026 1668 1072 1703 et
1092 1656 1313 1702 Parisius
1336 1671 1456 1715 ope-

137 1733 230 1778 rati
251 1748 440 1791 sumus,
459 1733 727 1779 mulctatus
750 1732 859 1790 fuit,
880 1742 927 1777 et
950 1746 1008 1776 ex
1027 1745 1085 1776 eo
1106 1747 1218 1776 cum
1241 1731 1456 1790 ignomi-

139 1806 222 1851 nia
258 1807 454 1866 pulsus.
498 1808 566 1852 Ut
599 1818 764 1852 autem
798 1805 1156 1860 existimamus,
1192 1805 1358 1851 veniet
1395 1805 1457 1849 ad

141 1880 472 1926 Sanctitatem
489 1882 719 1926 Vestram
737 1880 815 1926 vel
837 1881 899 1925 ad
917 1880 1082 1925 locum
1106 1880 1238 1924 unde
1260 1878 1456 1924 veniam

139 1965 186 2000 et
212 1954 606 2000 misericordiam
641 1956 701 1999 ab
737 1956 808 1999 Ea
837 1954 1103 2014 impetrare
1128 1953 1304 2013 possit.
1337 1955 1456 1997 Pre-

138 2040 273 2073 terea
303 2040 614 2088 compertum
651 2029 893 2073 habemus
929 2029 1065 2087 quod
1098 2043 1211 2072 cum
1238 2027 1455 2086 primum

140 2102 296 2148 sensit
317 2118 366 2148 se
393 2103 650 2148 detentum
670 2103 729 2147 ab
757 2103 934 2147 eodem
956 2101 1208 2162 Philippo,
1229 2103 1458 2146 combus-

141 2175 204 2221 sit
230 2193 404 2222 omnes
424 2177 598 2234 libros,
618 2176 887 2235 scripturas
907 2187 954 2221 et
977 2176 1073 2221 alia
1092 2192 1151 2222 ex
1170 2177 1352 2235 quibus
1373 2177 1456 2222 ali-

141 2265 237 2310 qua
263 2249 473 2310 suspitio
499 2261 671 2295 contra
690 2264 803 2294 eum
826 2249 945 2295 oriri
963 2250 1208 2310 potuisset
1225 2266 1236 2308 3
1253 2261 1456 2309 propter

139 2325 277 2384 quod
314 2339 415 2368 non
448 2323 540 2369 fuit
576 2337 779 2369 necesse
803 2323 964 2370 facere
990 2325 1138 2370 aliam
1167 2324 1455 2383 inquisitio-

134 2412 255 2454 nem
278 2398 566 2444 eorumdem
592 2396 839 2444 librorum
865 2409 913 2446 et
937 2399 1299 2459 scripturarum
1307 2433 1394 2444 .....
