<?xml version="1.0" encoding="UTF-8"?>
<!DOCTYPE html PUBLIC "-//W3C//DTD XHTML 1.0 Transitional//EN"
    "http://www.w3.org/TR/xhtml1/DTD/xhtml1-transitional.dtd">
<html xmlns="http://www.w3.org/1999/xhtml" xml:lang="en" lang="en">
 <head>
  <title>
</title>
<meta http-equiv="Content-Type" content="text/html;charset=utf-8" />
  <meta name='ocr-system' content='tesseract 3.04.00' />
  <meta name='ocr-capabilities' content='ocr_page ocr_carea ocr_par ocr_line ocrx_word'/>
</head>
<body>
  <div class='ocr_page' id='page_1' title='image "./picdelamirandole00dore_0150.png"; bbox 0 0 1906 2984; ppageno 0'>
   <div class='ocr_carea' id='block_1_1' title="bbox 913 306 1182 349">
    <p class='ocr_par' dir='ltr' id='par_1_1' title="bbox 913 306 1182 349">
     <span class='ocr_line' id='line_1_1' title="bbox 913 306 1182 349; baseline 0 -24"><span class='ocrx_word' id='word_1_1' title='bbox 913 306 1182 349; x_wconf 70' lang='lat'>-142-</span> 
     </span>
    </p>
   </div>
   <div class='ocr_carea' id='block_1_2' title="bbox 378 407 1708 2115">
    <p class='ocr_par' dir='ltr' id='par_1_2' title="bbox 378 407 1708 2115">
     <span class='ocr_line' id='line_1_2' title="bbox 381 407 1702 484; baseline -0.002 -18"><span class='ocrx_word' id='word_1_2' title='bbox 381 421 496 466; x_wconf 89' lang='lat' dir='ltr'>dam</span> <span class='ocrx_word' id='word_1_3' title='bbox 532 407 879 484; x_wconf 85' lang='lat' dir='ltr'>declaracione</span> <span class='ocrx_word' id='word_1_4' title='bbox 921 417 1279 464; x_wconf 89' lang='lat' dir='ltr'>nonnullarum</span> <span class='ocrx_word' id='word_1_5' title='bbox 1318 409 1702 464; x_wconf 83' lang='lat' dir='ltr'>conclusionum</span> 
     </span>
     <span class='ocr_line' id='line_1_3' title="bbox 380 486 1703 558; baseline -0.001 -18"><span class='ocrx_word' id='word_1_6' title='bbox 380 494 442 540; x_wconf 90' lang='lat' dir='ltr'>de</span> <span class='ocrx_word' id='word_1_7' title='bbox 469 493 567 539; x_wconf 91' lang='lat' dir='ltr'>illis</span> <span class='ocrx_word' id='word_1_8' title='bbox 602 508 725 553; x_wconf 89' lang='lat' dir='ltr'>quas</span> <span class='ocrx_word' id='word_1_9' title='bbox 750 507 841 552; x_wconf 90' lang='lat' dir='ltr'>pro</span> <span class='ocrx_word' id='word_1_10' title='bbox 868 492 1183 558; x_wconf 86' lang='lat' dir='ltr'>disputandis</span> <span class='ocrx_word' id='word_1_11' title='bbox 1209 492 1260 537; x_wconf 90' lang='lat' dir='ltr'>in</span> <span class='ocrx_word' id='word_1_12' title='bbox 1288 493 1425 538; x_wconf 85' lang='lat' dir='ltr'>Urbe</span> <span class='ocrx_word' id='word_1_13' title='bbox 1458 486 1628 553; x_wconf 89' lang='lat' dir='ltr'>posuit</span> <span class='ocrx_word' id='word_1_14' title='bbox 1654 504 1703 540; x_wconf 92' lang='lat' dir='ltr'>et</span> 
     </span>
     <span class='ocr_line' id='line_1_4' title="bbox 378 557 1702 628; baseline 0 -16"><span class='ocrx_word' id='word_1_15' title='bbox 378 567 656 628; x_wconf 88' lang='lat' dir='ltr'>publicavit</span> <span class='ocrx_word' id='word_1_16' title='bbox 681 566 916 612; x_wconf 92' lang='lat' dir='ltr'>dominus</span> <span class='ocrx_word' id='word_1_17' title='bbox 942 566 1196 613; x_wconf 90' lang='lat' dir='ltr'>Johannes</span> <span class='ocrx_word' id='word_1_18' title='bbox 1227 557 1391 625; x_wconf 88' lang='lat' dir='ltr'>Picus,</span> <span class='ocrx_word' id='word_1_19' title='bbox 1417 566 1702 613; x_wconf 89' lang='lat' dir='ltr'>Concordie</span> 
     </span>
     <span class='ocr_line' id='line_1_5' title="bbox 380 630 1702 699; baseline 0 -13"><span class='ocrx_word' id='word_1_20' title='bbox 380 630 567 699; x_wconf 89' lang='lat' dir='ltr'>comes,</span> <span class='ocrx_word' id='word_1_21' title='bbox 611 640 821 686; x_wconf 84' lang='lat' dir='ltr'>dixerim</span> <span class='ocrx_word' id='word_1_22' title='bbox 861 641 954 686; x_wconf 92' lang='lat' dir='ltr'>sub</span> <span class='ocrx_word' id='word_1_23' title='bbox 996 640 1304 687; x_wconf 86' lang='lat' dir='ltr'>correctione</span> <span class='ocrx_word' id='word_1_24' title='bbox 1344 641 1525 687; x_wconf 85' lang='lat' dir='ltr'>Sancte</span> <span class='ocrx_word' id='word_1_25' title='bbox 1560 641 1702 686; x_wconf 84' lang='lat' dir='ltr'>Sedis</span> 
     </span>
     <span class='ocr_line' id='line_1_6' title="bbox 381 713 1703 774; baseline 0.001 -15"><span class='ocrx_word' id='word_1_26' title='bbox 381 714 657 774; x_wconf 90' lang='lat' dir='ltr'>apostolice</span> <span class='ocrx_word' id='word_1_27' title='bbox 684 725 731 761; x_wconf 93' lang='lat' dir='ltr'>et</span> <span class='ocrx_word' id='word_1_28' title='bbox 757 713 974 760; x_wconf 92' lang='lat' dir='ltr'>sedentis</span> <span class='ocrx_word' id='word_1_29' title='bbox 1006 714 1057 760; x_wconf 94' lang='lat' dir='ltr'>in</span> <span class='ocrx_word' id='word_1_30' title='bbox 1084 729 1141 760; x_wconf 91' lang='lat' dir='ltr'>ea</span> <span class='ocrx_word' id='word_1_31' title='bbox 1166 714 1372 760; x_wconf 90' lang='lat' dir='ltr'>summis</span> <span class='ocrx_word' id='word_1_32' title='bbox 1401 715 1503 774; x_wconf 86' lang='lat' dir='ltr'>(sic)</span> <span class='ocrx_word' id='word_1_33' title='bbox 1529 714 1703 761; x_wconf 86' lang='lat' dir='ltr'>Ponti-</span> 
     </span>
     <span class='ocr_line' id='line_1_7' title="bbox 380 788 1704 849; baseline -0.002 -14"><span class='ocrx_word' id='word_1_34' title='bbox 380 789 506 847; x_wconf 88' lang='lat' dir='ltr'>ficis‚</span> <span class='ocrx_word' id='word_1_35' title='bbox 540 788 790 849; x_wconf 91' lang='lat' dir='ltr'>predictas</span> <span class='ocrx_word' id='word_1_36' title='bbox 829 788 1179 834; x_wconf 87' lang='lat' dir='ltr'>conclusiones</span> <span class='ocrx_word' id='word_1_37' title='bbox 1220 803 1429 834; x_wconf 91' lang='lat' dir='ltr'>numero</span> <span class='ocrx_word' id='word_1_38' title='bbox 1462 788 1704 835; x_wconf 89' lang='lat' dir='ltr'>tredecim</span> 
     </span>
     <span class='ocr_line' id='line_1_8' title="bbox 380 853 1703 924; baseline -0.001 -14"><span class='ocrx_word' id='word_1_39' title='bbox 380 865 433 910; x_wconf 94' lang='lat' dir='ltr'>in</span> <span class='ocrx_word' id='word_1_40' title='bbox 460 879 610 910; x_wconf 89' lang='lat' dir='ltr'>sensu</span> <span class='ocrx_word' id='word_1_41' title='bbox 637 863 925 924; x_wconf 91' lang='lat' dir='ltr'>specificato</span> <span class='ocrx_word' id='word_1_42' title='bbox 953 874 1000 909; x_wconf 90' lang='lat' dir='ltr'>et</span> <span class='ocrx_word' id='word_1_43' title='bbox 1023 853 1269 923; x_wconf 83' lang='lat' dir='ltr'>explicato</span> <span class='ocrx_word' id='word_1_44' title='bbox 1300 863 1351 909; x_wconf 94' lang='lat' dir='ltr'>in</span> <span class='ocrx_word' id='word_1_45' title='bbox 1378 863 1510 910; x_wconf 92' lang='lat' dir='ltr'>dicta</span> <span class='ocrx_word' id='word_1_46' title='bbox 1536 864 1703 909; x_wconf 89' lang='lat' dir='ltr'>decla-</span> 
     </span>
     <span class='ocr_line' id='line_1_9' title="bbox 382 937 1703 998; baseline -0.002 -13"><span class='ocrx_word' id='word_1_47' title='bbox 382 938 585 985; x_wconf 88' lang='lat' dir='ltr'>racione</span> <span class='ocrx_word' id='word_1_48' title='bbox 605 952 712 984; x_wconf 90' lang='lat' dir='ltr'>esse</span> <span class='ocrx_word' id='word_1_49' title='bbox 729 937 1020 997; x_wconf 87' lang='lat' dir='ltr'>probabiles</span> <span class='ocrx_word' id='word_1_50' title='bbox 1041 948 1190 997; x_wconf 90' lang='lat' dir='ltr'>atque</span> <span class='ocrx_word' id='word_1_51' title='bbox 1211 937 1502 996; x_wconf 84' lang='lat' dir='ltr'>catholicas,</span> <span class='ocrx_word' id='word_1_52' title='bbox 1519 952 1703 998; x_wconf 90' lang='lat' dir='ltr'>easque</span> 
     </span>
     <span class='ocr_line' id='line_1_10' title="bbox 381 1011 1699 1072; baseline -0.002 -13"><span class='ocrx_word' id='word_1_53' title='bbox 381 1013 433 1059; x_wconf 90' lang='lat' dir='ltr'>in</span> <span class='ocrx_word' id='word_1_54' title='bbox 458 1012 592 1058; x_wconf 88' lang='lat' dir='ltr'>dicto</span> <span class='ocrx_word' id='word_1_55' title='bbox 620 1026 768 1057; x_wconf 90' lang='lat' dir='ltr'>sensu</span> <span class='ocrx_word' id='word_1_56' title='bbox 802 1026 951 1072; x_wconf 88' lang='lat' dir='ltr'>posse</span> <span class='ocrx_word' id='word_1_57' title='bbox 985 1011 1262 1071; x_wconf 81' lang='lat' dir='ltr'>disputari3</span> <span class='ocrx_word' id='word_1_58' title='bbox 1289 1012 1493 1058; x_wconf 87' lang='lat' dir='ltr'>tandem</span> <span class='ocrx_word' id='word_1_59' title='bbox 1517 1023 1699 1068; x_wconf 91' lang='lat' dir='ltr'>tamen,</span> 
     </span>
     <span class='ocr_line' id='line_1_11' title="bbox 381 1077 1706 1146; baseline 0.001 -15"><span class='ocrx_word' id='word_1_60' title='bbox 381 1085 490 1146; x_wconf 86' lang='lat' dir='ltr'>ipsa</span> <span class='ocrx_word' id='word_1_61' title='bbox 511 1085 715 1132; x_wconf 89' lang='lat' dir='ltr'>veritate</span> <span class='ocrx_word' id='word_1_62' title='bbox 743 1086 851 1131; x_wconf 91' lang='lat' dir='ltr'>sola</span> <span class='ocrx_word' id='word_1_63' title='bbox 878 1097 1101 1143; x_wconf 76' lang='lat' dir='ltr'>coactus,</span> <span class='ocrx_word' id='word_1_64' title='bbox 1130 1085 1243 1131; x_wconf 90' lang='lat' dir='ltr'>dico</span> <span class='ocrx_word' id='word_1_65' title='bbox 1271 1077 1409 1146; x_wconf 90' lang='lat' dir='ltr'>quod</span> <span class='ocrx_word' id='word_1_66' title='bbox 1434 1086 1563 1132; x_wconf 90' lang='lat' dir='ltr'>dicte</span> <span class='ocrx_word' id='word_1_67' title='bbox 1591 1101 1706 1132; x_wconf 90' lang='lat' dir='ltr'>con-</span> 
     </span>
     <span class='ocr_line' id='line_1_12' title="bbox 382 1159 1707 1220; baseline 0.002 -15"><span class='ocrx_word' id='word_1_68' title='bbox 382 1160 635 1206; x_wconf 90' lang='lat' dir='ltr'>clusiones</span> <span class='ocrx_word' id='word_1_69' title='bbox 695 1159 899 1205; x_wconf 92' lang='lat' dir='ltr'>minime</span> <span class='ocrx_word' id='word_1_70' title='bbox 963 1160 1246 1206; x_wconf 91' lang='lat' dir='ltr'>debuerunt</span> <span class='ocrx_word' id='word_1_71' title='bbox 1311 1160 1604 1220; x_wconf 88' lang='lat' dir='ltr'>simpliciter</span> <span class='ocrx_word' id='word_1_72' title='bbox 1658 1171 1707 1207; x_wconf 91' lang='lat' dir='ltr'>et</span> 
     </span>
     <span class='ocr_line' id='line_1_13' title="bbox 382 1225 1702 1295; baseline 0 -15"><span class='ocrx_word' id='word_1_73' title='bbox 382 1234 670 1280; x_wconf 91' lang='lat' dir='ltr'>indistincte</span> <span class='ocrx_word' id='word_1_74' title='bbox 711 1225 832 1294; x_wconf 84' lang='lat' dir='ltr'>poni</span> <span class='ocrx_word' id='word_1_75' title='bbox 874 1244 921 1280; x_wconf 91' lang='lat' dir='ltr'>et</span> <span class='ocrx_word' id='word_1_76' title='bbox 957 1249 1048 1295; x_wconf 81' lang='lat' dir='ltr'>pro</span> <span class='ocrx_word' id='word_1_77' title='bbox 1089 1233 1405 1294; x_wconf 90' lang='lat' dir='ltr'>disputandis</span> <span class='ocrx_word' id='word_1_78' title='bbox 1438 1235 1702 1294; x_wconf 91' lang='lat' dir='ltr'>publicari,</span> 
     </span>
     <span class='ocr_line' id='line_1_14' title="bbox 383 1299 1705 1368; baseline 0.003 -16"><span class='ocrx_word' id='word_1_79' title='bbox 383 1307 516 1367; x_wconf 89' lang='lat' dir='ltr'>quia,</span> <span class='ocrx_word' id='word_1_80' title='bbox 545 1322 648 1352; x_wconf 93' lang='lat' dir='ltr'>non</span> <span class='ocrx_word' id='word_1_81' title='bbox 689 1309 920 1353; x_wconf 89' lang='lat' dir='ltr'>obstante</span> <span class='ocrx_word' id='word_1_82' title='bbox 953 1306 1146 1368; x_wconf 88' lang='lat' dir='ltr'>prefata</span> <span class='ocrx_word' id='word_1_83' title='bbox 1187 1299 1543 1364; x_wconf 79' lang='lat' dir='ltr'>declaratione,</span> <span class='ocrx_word' id='word_1_84' title='bbox 1575 1309 1705 1357; x_wconf 90' lang='lat' dir='ltr'>dicte</span> 
     </span>
     <span class='ocr_line' id='line_1_15' title="bbox 384 1374 1706 1431; baseline 0.002 -4"><span class='ocrx_word' id='word_1_85' title='bbox 384 1374 736 1427; x_wconf 87' lang='lat' dir='ltr'>conclusiones</span> <span class='ocrx_word' id='word_1_86' title='bbox 792 1395 967 1427; x_wconf 89' lang='lat' dir='ltr'>omnes</span> <span class='ocrx_word' id='word_1_87' title='bbox 1022 1381 1259 1427; x_wconf 91' lang='lat' dir='ltr'>tredecim</span> <span class='ocrx_word' id='word_1_88' title='bbox 1315 1382 1438 1428; x_wconf 87' lang='lat' dir='ltr'>false</span> <span class='ocrx_word' id='word_1_89' title='bbox 1492 1394 1606 1430; x_wconf 89' lang='lat' dir='ltr'>sunt</span> <span class='ocrx_word' id='word_1_90' title='bbox 1649 1400 1706 1431; x_wconf 90' lang='lat' dir='ltr'>ac</span> 
     </span>
     <span class='ocr_line' id='line_1_16' title="bbox 384 1447 1705 1516; baseline 0.002 -16"><span class='ocrx_word' id='word_1_91' title='bbox 384 1447 609 1515; x_wconf 86' lang='lat' dir='ltr'>erronee,</span> <span class='ocrx_word' id='word_1_92' title='bbox 639 1455 804 1516; x_wconf 89' lang='lat' dir='ltr'>alique</span> <span class='ocrx_word' id='word_1_93' title='bbox 838 1455 989 1501; x_wconf 89' lang='lat' dir='ltr'>etiarn</span> <span class='ocrx_word' id='word_1_94' title='bbox 1031 1455 1268 1513; x_wconf 79' lang='lat' dir='ltr'>heretice,</span> <span class='ocrx_word' id='word_1_95' title='bbox 1297 1456 1391 1502; x_wconf 88' lang='lat' dir='ltr'>alie</span> <span class='ocrx_word' id='word_1_96' title='bbox 1425 1471 1544 1503; x_wconf 91' lang='lat' dir='ltr'>vero</span> <span class='ocrx_word' id='word_1_97' title='bbox 1581 1457 1705 1503; x_wconf 91' lang='lat' dir='ltr'>tales</span> 
     </span>
     <span class='ocr_line' id='line_1_17' title="bbox 383 1523 1707 1591; baseline 0.002 -17"><span class='ocrx_word' id='word_1_98' title='bbox 383 1523 556 1589; x_wconf 86' lang='lat' dir='ltr'>quales</span> <span class='ocrx_word' id='word_1_99' title='bbox 584 1544 674 1590; x_wconf 86' lang='lat' dir='ltr'>ego</span> <span class='ocrx_word' id='word_1_100' title='bbox 698 1545 811 1576; x_wconf 90' lang='lat' dir='ltr'>cum</span> <span class='ocrx_word' id='word_1_101' title='bbox 838 1529 949 1575; x_wconf 92' lang='lat' dir='ltr'>aliis</span> <span class='ocrx_word' id='word_1_102' title='bbox 977 1530 1226 1590; x_wconf 88' lang='lat' dir='ltr'>deputatis</span> <span class='ocrx_word' id='word_1_103' title='bbox 1253 1531 1539 1577; x_wconf 88' lang='lat' dir='ltr'>reverendis</span> <span class='ocrx_word' id='word_1_104' title='bbox 1560 1531 1707 1591; x_wconf 88' lang='lat' dir='ltr'>patri-</span> 
     </span>
     <span class='ocr_line' id='line_1_18' title="bbox 385 1597 1708 1665; baseline 0.002 -16"><span class='ocrx_word' id='word_1_105' title='bbox 385 1597 478 1649; x_wconf 87' lang='lat' dir='ltr'>bus</span> <span class='ocrx_word' id='word_1_106' title='bbox 520 1604 814 1651; x_wconf 89' lang='lat' dir='ltr'>doctoribus</span> <span class='ocrx_word' id='word_1_107' title='bbox 857 1616 904 1651; x_wconf 89' lang='lat' dir='ltr'>et</span> <span class='ocrx_word' id='word_1_108' title='bbox 944 1604 1194 1665; x_wconf 84' lang='lat' dir='ltr'>magistris</span> <span class='ocrx_word' id='word_1_109' title='bbox 1239 1619 1321 1650; x_wconf 87' lang='lat' dir='ltr'>eas</span> <span class='ocrx_word' id='word_1_110' title='bbox 1363 1620 1471 1651; x_wconf 90' lang='lat' dir='ltr'>esse</span> <span class='ocrx_word' id='word_1_111' title='bbox 1513 1605 1615 1651; x_wconf 79' lang='lat' dir='ltr'>dixi</span> <span class='ocrx_word' id='word_1_112' title='bbox 1659 1617 1708 1652; x_wconf 90' lang='lat' dir='ltr'>et</span> 
     </span>
     <span class='ocr_line' id='line_1_19' title="bbox 384 1678 1706 1740; baseline 0.001 -15"><span class='ocrx_word' id='word_1_113' title='bbox 384 1679 560 1740; x_wconf 85' lang='lat' dir='ltr'>scrip&#39;si</span> <span class='ocrx_word' id='word_1_114' title='bbox 582 1679 633 1725; x_wconf 93' lang='lat' dir='ltr'>in</span> <span class='ocrx_word' id='word_1_115' title='bbox 658 1678 831 1725; x_wconf 90' lang='lat' dir='ltr'>codice</span> <span class='ocrx_word' id='word_1_116' title='bbox 855 1693 944 1739; x_wconf 91' lang='lat' dir='ltr'>per</span> <span class='ocrx_word' id='word_1_117' title='bbox 970 1694 1048 1725; x_wconf 88' lang='lat' dir='ltr'>me</span> <span class='ocrx_word' id='word_1_118' title='bbox 1072 1691 1217 1726; x_wconf 88' lang='lat' dir='ltr'>antea</span> <span class='ocrx_word' id='word_1_119' title='bbox 1243 1694 1392 1740; x_wconf 91' lang='lat' dir='ltr'>super</span> <span class='ocrx_word' id='word_1_120' title='bbox 1419 1680 1566 1726; x_wconf 86' lang='lat' dir='ltr'>dictis</span> <span class='ocrx_word' id='word_1_121' title='bbox 1592 1695 1706 1727; x_wconf 92' lang='lat' dir='ltr'>con-</span> 
     </span>
     <span class='ocr_line' id='line_1_20' title="bbox 383 1756 1708 1821; baseline -0.001 -18"><span class='ocrx_word' id='word_1_122' title='bbox 383 1756 696 1804; x_wconf 89' lang='lat' dir='ltr'>clusionibus</span> <span class='ocrx_word' id='word_1_123' title='bbox 723 1767 771 1803; x_wconf 89' lang='lat' dir='ltr'>et</span> <span class='ocrx_word' id='word_1_124' title='bbox 793 1756 900 1802; x_wconf 89' lang='lat' dir='ltr'>aliis</span> <span class='ocrx_word' id='word_1_125' title='bbox 921 1756 1073 1821; x_wconf 91' lang='lat' dir='ltr'>edito,</span> <span class='ocrx_word' id='word_1_126' title='bbox 1101 1757 1243 1821; x_wconf 88' lang='lat' dir='ltr'>cujus</span> <span class='ocrx_word' id='word_1_127' title='bbox 1270 1757 1478 1817; x_wconf 90' lang='lat' dir='ltr'>duplum</span> <span class='ocrx_word' id='word_1_128' title='bbox 1504 1756 1708 1819; x_wconf 88' lang='lat' dir='ltr'>propria</span> 
     </span>
     <span class='ocr_line' id='line_1_21' title="bbox 385 1830 1707 1892; baseline 0 -13"><span class='ocrx_word' id='word_1_129' title='bbox 385 1847 536 1879; x_wconf 89' lang='lat' dir='ltr'>manu</span> <span class='ocrx_word' id='word_1_130' title='bbox 580 1831 828 1892; x_wconf 84' lang='lat' dir='ltr'>signatum</span> <span class='ocrx_word' id='word_1_131' title='bbox 871 1831 1004 1891; x_wconf 91' lang='lat' dir='ltr'>apud</span> <span class='ocrx_word' id='word_1_132' title='bbox 1034 1845 1084 1876; x_wconf 94' lang='lat' dir='ltr'>se</span> <span class='ocrx_word' id='word_1_133' title='bbox 1118 1830 1270 1877; x_wconf 89' lang='lat' dir='ltr'>habet</span> <span class='ocrx_word' id='word_1_134' title='bbox 1310 1833 1611 1878; x_wconf 89' lang='lat' dir='ltr'>reverendus</span> <span class='ocrx_word' id='word_1_135' title='bbox 1655 1833 1707 1879; x_wconf 90' lang='lat' dir='ltr'>in</span> 
     </span>
     <span class='ocr_line' id='line_1_22' title="bbox 387 1896 1703 1968; baseline 0.002 -16"><span class='ocrx_word' id='word_1_136' title='bbox 387 1896 587 1952; x_wconf 85' lang='lat' dir='ltr'>Christo</span> <span class='ocrx_word' id='word_1_137' title='bbox 613 1917 754 1965; x_wconf 89' lang='lat' dir='ltr'>pater</span> <span class='ocrx_word' id='word_1_138' title='bbox 793 1905 1028 1951; x_wconf 90' lang='lat' dir='ltr'>dominus</span> <span class='ocrx_word' id='word_1_139' title='bbox 1053 1905 1391 1951; x_wconf 88' lang='lat' dir='ltr'>Tornacensis</span> <span class='ocrx_word' id='word_1_140' title='bbox 1420 1906 1703 1968; x_wconf 89' lang='lat' dir='ltr'>episcopus.</span> 
     </span>
     <span class='ocr_line' id='line_1_23' title="bbox 387 1978 1704 2041; baseline 0.002 -15"><span class='ocrx_word' id='word_1_141' title='bbox 387 1979 613 2026; x_wconf 85' lang='lat' dir='ltr'>Presenti</span> <span class='ocrx_word' id='word_1_142' title='bbox 662 1991 829 2026; x_wconf 89' lang='lat' dir='ltr'>autem</span> <span class='ocrx_word' id='word_1_143' title='bbox 870 1994 978 2025; x_wconf 87' lang='lat' dir='ltr'>mee</span> <span class='ocrx_word' id='word_1_144' title='bbox 1020 1978 1428 2026; x_wconf 88' lang='lat' dir='ltr'>determinationi</span> <span class='ocrx_word' id='word_1_145' title='bbox 1465 1982 1704 2041; x_wconf 88' lang='lat' dir='ltr'>promitto</span> 
     </span>
     <span class='ocr_line' id='line_1_24' title="bbox 385 2065 1128 2115; baseline -0.003 -14"><span class='ocrx_word' id='word_1_146' title='bbox 385 2070 641 2115; x_wconf 91' lang='lat' dir='ltr'>nunquam</span> <span class='ocrx_word' id='word_1_147' title='bbox 668 2065 1128 2101; x_wconf 86' lang='lat' dir='ltr'>contraventurum.</span> 
     </span>
    </p>
   </div>
   <div class='ocr_carea' id='block_1_3' title="bbox 619 2144 1493 2206">
    <p class='ocr_par' dir='ltr' id='par_1_3' title="bbox 619 2144 1493 2206">
     <span class='ocr_line' id='line_1_25' title="bbox 619 2144 1493 2206; baseline 0 -17"><span class='ocrx_word' id='word_1_148' title='bbox 619 2146 691 2190; x_wconf 91' lang='lat' dir='ltr'>Ita</span> <span class='ocrx_word' id='word_1_149' title='bbox 717 2156 807 2191; x_wconf 91' lang='lat' dir='ltr'>est.</span> <span class='ocrx_word' id='word_1_150' title='bbox 840 2144 1068 2202; x_wconf 76' lang='lat' dir='ltr'>Cordier‚</span> <span class='ocrx_word' id='word_1_151' title='bbox 1097 2159 1248 2190; x_wconf 89' lang='lat' dir='ltr'>manu</span> <span class='ocrx_word' id='word_1_152' title='bbox 1275 2144 1493 2206; x_wconf 91' lang='lat' dir='ltr'>propria.</span> 
     </span>
    </p>
   </div>
   <div class='ocr_carea' id='block_1_4' title="bbox 447 2425 1706 2488">
    <p class='ocr_par' dir='ltr' id='par_1_4' title="bbox 447 2425 1706 2488">
     <span class='ocr_line' id='line_1_26' title="bbox 447 2425 1706 2488; baseline 0.001 -16"><span class='ocrx_word' id='word_1_153' title='bbox 447 2428 553 2488; x_wconf 87' lang='lat' dir='ltr'>Ego</span> <span class='ocrx_word' id='word_1_154' title='bbox 577 2428 600 2475; x_wconf 90' lang='lat' dir='ltr'>J</span> <span class='ocrx_word' id='word_1_155' title='bbox 608 2427 831 2474; x_wconf 89' lang='lat' dir='ltr'>ohannes</span> <span class='ocrx_word' id='word_1_156' title='bbox 868 2427 929 2474; x_wconf 89' lang='lat' dir='ltr'>de</span> <span class='ocrx_word' id='word_1_157' title='bbox 955 2426 1131 2474; x_wconf 89' lang='lat' dir='ltr'>Mierle</span> <span class='ocrx_word' id='word_1_158' title='bbox 1164 2426 1325 2474; x_wconf 89' lang='lat' dir='ltr'>fateor</span> <span class='ocrx_word' id='word_1_159' title='bbox 1351 2425 1706 2487; x_wconf 87' lang='lat' dir='ltr'>subscripsisse</span> 
     </span>
    </p>
   </div>
  </div>
 </body>
</html>
