1906 2984
810 275 1080 319 *149-

289 385 700 431 Mirandulanum
734 396 780 431 et
826 385 949 429 nihil
994 385 1296 431 omittemus.
1333 384 1601 444 Reliquum

289 470 363 505 est
393 469 448 505 ut
485 474 575 503 nos
614 459 891 504 humillime
925 459 1334 504 commendemus
1369 457 1600 504 sacratis-

289 532 429 578 simis
469 533 681 592 pedibus
721 533 1007 579 Sanctitatis
1026 534 1218 590 Vestre,
1259 547 1354 591 que
1388 547 1480 577 nos
1511 532 1600 576 ha-

290 607 404 651 beat
436 617 716 664 excusatos,
738 606 777 651 si
803 606 1108 652 tardavimus
1139 606 1183 651 ei
1217 605 1434 651 scribere
1458 618 1600 665 post-

291 694 440 738 quam
485 680 581 724 huc
620 680 876 736 venimus3
914 679 1074 725 visum
1121 690 1193 725 est
1234 679 1365 724 enim
1403 679 1453 723 in
1500 691 1602 725 tam

291 753 441 812 longo
468 753 644 799 itinere
667 753 854 799 litteras
882 768 983 798 non
1010 753 1190 798 debere
1214 768 1320 797 esse
1353 752 1527 797 inanes
1555 761 1604 796 et

290 826 500 872 ieiunas.
525 827 576 872 Si
609 842 725 871 vero
765 827 911 871 nimis
949 827 1134 872 curiosi
1176 827 1359 872 fuimus
1397 828 1447 872 in
1487 826 1604 871 scri-

292 902 455 947 bendo
482 900 629 946 etiam
648 900 869 956 minima,
887 900 1114 959 ignoscat
1140 901 1387 946 Sanctitas
1405 903 1602 958 Vestra,

292 975 408 1035 quia
435 985 776 1033 opportunum
807 974 967 1019 visum
997 985 1070 1019 est
1095 975 1155 1019 de
1190 974 1423 1019 omnibus
1457 975 1603 1034 plene

289 1049 553 1095 certiorem
588 1047 750 1093 facere
790 1047 1118 1093 Sanctitatem
1150 1049 1378 1093 Vestram
1416 1063 1511 1108 que
1547 1063 1606 1093 ex

291 1122 510 1168 minimis
528 1132 694 1182 potest
715 1121 865 1167 etiam
891 1121 1081 1167 maiora
1107 1122 1395 1167 coniectari.

352 1214 372 1239 «
417 1197 546 1240 Dum
602 1195 692 1240 hec
754 1195 1086 1240 scriberemus
1143 1195 1222 1240 die
1273 1196 1330 1240 28
1375 1194 1604 1254 januarii,

292 1270 521 1316 veniente
580 1270 641 1314 ad
690 1284 783 1315 nos
847 1269 1062 1314 Domino
1120 1269 1430 1315 Senoniense
1485 1269 1609 1314 hora

293 1355 485 1401 octava,
507 1359 619 1390 cum
640 1343 748 1389 aliis
771 1343 1020 1403 deputatis
1044 1343 1228 1388 fuimus
1248 1359 1274 1388 a
1294 1358 1406 1403 rege
1424 1342 1604 1388 vocati.

296 1419 358 1464 Et
391 1419 503 1477 quia
544 1418 774 1463 Facultas
812 1417 1063 1477 theologie
1105 1428 1277 1463 nostra
1316 1432 1468 1462 causa
1503 1426 1611 1462 erat

295 1503 612 1552 congregata,
640 1506 700 1537 ne
729 1491 1013 1537 videremur
1047 1491 1118 1537 eis
1158 1491 1386 1549 illudere,
1423 1505 1514 1551 ego
1546 1491 1605 1535 A.

296 1566 470 1612 Flores
511 1566 576 1611 ivi
619 1567 680 1612 ad
717 1581 821 1624 eos,
856 1577 903 1612 et
947 1581 1038 1611 nos
1074 1566 1129 1610 L.
1168 1565 1517 1625 Traguriensis
1561 1574 1610 1610 et

294 1641 514 1686 Joannes
556 1640 755 1685 Horioli
781 1640 1083 1685 accessimus
1111 1640 1173 1685 ad
1210 1641 1395 1699 Regem
1402 1673 1490 1684 .....

358 1733 437 1759 «...
480 1715 673 1760 Eodem
708 1726 932 1774 tempore
973 1729 1064 1774 ego
1107 1728 1309 1773 quoque
1348 1714 1406 1758 A.
1436 1713 1609 1757 Flores

298 1788 486 1834 accessi
508 1789 570 1833 ad
597 1788 905 1834 Facultatem
930 1788 1178 1848 theologie
1204 1787 1303 1832 iam
1336 1801 1609 1846 congrega-

298 1874 416 1920 tam,
436 1862 607 1921 eisque
627 1863 774 1907 breve
795 1862 1083 1907 Sanctitatis
1100 1864 1275 1907 Vestre
1296 1860 1472 1907 obtuli.
1495 1861 1608 1915 Quo

298 1937 447 1994 lecto,
468 1936 592 1981 lecte
613 1948 728 1981 sunt
746 1936 909 1981 littere
937 1935 1212 1994 apostolice
1233 1950 1380 1994 super
1403 1935 1610 1979 damna-

299 2009 433 2055 tione
487 2009 644 2054 libelli
698 2010 1120 2069 noningentarum
1176 2009 1576 2054 Conclusionum
1597 2045 1608 2067 ‚

300 2083 480 2129 deinde
509 2085 655 2129 breve
682 2094 911 2129 nostrum
930 2099 1079 2143 super
1099 2083 1298 2128 illarum
1317 2082 1609 2128 executione

300 2168 348 2203 et
388 2157 619 2217 captione
657 2157 865 2202 Joannis
910 2157 1251 2202 Mirandulani
1294 2168 1342 2202 et
1381 2156 1606 2201 Cordier.

301 2231 524 2290 Exposui
552 2230 621 2276 eis
649 2230 828 2276 seriem
861 2230 930 2276 rei
953 2246 980 2276 a
1008 2230 1276 2291 principio,
1310 2230 1610 2289 laudavique

299 2320 384 2350 eos
415 2320 474 2351 ex
497 2316 634 2365 parte
663 2304 950 2350 Sanctitatis
972 2306 1229 2363 Vestre,et
1254 2305 1481 2350 hortatus
1501 2319 1610 2349 sum

299 2394 384 2425 eos
410 2380 473 2426 ad
490 2379 909 2440 perseverandum
937 2379 987 2424 in
1007 2378 1295 2425 obedientia
1321 2378 1610 2425 Sanctitatis
