1906 2984
891 265 1165 310 -162—

365 391 682 453 percepimus
723 401 921 451 gratum
963 392 1271 439 Beatitudini
1315 393 1493 439 Vestre
1519 393 1624 439 fore
1652 394 1691 439 si

366 467 428 512 de
468 465 678 511 Joannis
721 464 1064 512 Mirandulani
1114 465 1466 528 progressibus
1509 466 1693 512 certior

364 540 618 597 reddatur,
648 538 989 599 significamus
1018 540 1076 585 Ei
1104 556 1196 586 nos
1223 556 1250 586 a
1276 540 1381 587 viro
1414 540 1512 586 fide
1539 540 1691 601 digno

365 611 669 658 intellexisse
711 613 928 659 eundem
953 615 1200 660 Joannem
1242 630 1350 661 esse
1388 614 1616 672 Taurini,
1646 626 1693 661 et

364 686 433 732 ibi
460 701 654 732 moram
678 687 890 743 trahere,
911 699 966 735 ut
993 688 1278 749 experiatur
1305 704 1368 735 an
1395 703 1691 748 recuperare

361 761 524 821 possit
550 772 829 821 argentum,
858 762 1017 808 libros
1046 774 1093 809 et
1119 763 1216 808 alia
1244 778 1339 823 que
1361 763 1495 823 apud
1522 763 1691 808 Domi-

363 853 485 883 num
539 837 831 897 Philippum
882 837 942 883 de
987 837 1242 883 Sabaudia
1286 837 1492 895 dimisit,
1538 848 1691 898 prout

364 912 486 957 alias
515 912 577 957 ad
621 910 947 957 Sanctitatem
971 912 1205 958 Vestram
1232 912 1556 972 scripsimus3
1597 912 1690 957 mi-

364 986 529 1046 sitque
557 986 618 1031 ad
645 985 811 1045 ipsum
848 985 1122 1031 Dominum
1150 986 1458 1046 Philippum,
1487 984 1572 1045 qui
1609 985 1690 1031 hic

363 1060 414 1106 in
438 1059 692 1120 presentia
734 1070 822 1114 est,
861 1070 909 1105 et
948 1061 1010 1105 ad
1053 1060 1179 1106 alios
1217 1062 1392 1107 eadem
1434 1062 1495 1107 de
1539 1076 1691 1107 causa

363 1134 634 1179 nonnullas
675 1133 882 1191 litteras,
914 1135 1002 1179 sed
1027 1134 1281 1180 incassum
1319 1151 1433 1181 eum
1459 1136 1690 1182 laborare

363 1208 631 1253 credimus.
659 1209 849 1253 Verum
875 1208 991 1254 licet
1025 1221 1254 1255 nostrum
1295 1225 1398 1255 non
1436 1210 1498 1256 sit
1533 1212 1688 1256 Sanc-

361 1280 490 1327 titati
531 1282 710 1327 Vestre
752 1283 1034 1340 consulere,
1072 1283 1401 1330 nihilominus
1447 1297 1690 1345 quantum

359 1370 452 1414 pro
480 1355 748 1416 exiguitate
775 1369 945 1403 nostra
976 1372 1249 1416 possumus
1289 1357 1530 1415 iudicare,
1559 1358 1688 1403 exis-

360 1429 596 1475 timamus
624 1431 761 1489 quod
788 1431 979 1475 bonum
1007 1442 1137 1477 esset
1163 1431 1203 1476 si
1233 1431 1483 1477 Sanctitas
1512 1431 1688 1478 Vestra

362 1503 469 1549 eius
507 1504 827 1550 conversioni
863 1516 909 1550 et
943 1505 1006 1550 ad
1038 1506 1284 1565 gremium
1326 1521 1471 1550 suum
1507 1506 1686 1551 reduc-

360 1579 484 1625 tioni
513 1594 718 1639 operam
737 1580 894 1625 daret.
922 1579 1018 1624 Diu
1047 1591 1095 1626 et
1119 1595 1359 1640 prospere
1384 1581 1446 1626 ad
1468 1580 1687 1626 salutare

361 1654 585 1715 regimen
615 1653 840 1699 Ecclesie
879 1654 1059 1700 Sancte
1101 1655 1193 1700 Dei
1234 1655 1398 1701 valeat
1437 1656 1686 1702 Sanctitas

359 1730 556 1785 Vestra,
585 1728 727 1773 cuius
765 1728 1117 1774 sacratissimis
1142 1729 1357 1789 pedibus
1391 1745 1483 1775 nos
1510 1730 1687 1776 humil·

362 1803 478 1849 lime
537 1804 968 1848 commendamus.
1021 1803 1326 1864 Andegavie,
1371 1804 1451 1851 die
1497 1822 1533 1852 1J
1577 1806 1686 1865 julii

368 1879 503 1936 1488,

543 1972 561 1995 «
595 1953 885 1999 Sanctitatis
911 1954 1087 1998 Vestre

847 2061 864 2085 «
897 2042 1182 2087 Humillimi
1216 2043 1415 2089 servuli.

933 2164 953 2188 «
985 2147 1041 2190 L.
1069 2145 1439 2206 Traguriensis,

939 2246 958 2270 ((
987 2228 1045 2272 Α.
1076 2227 1266 2273 FlOreS.
1299 2246 1318 2270 »

464 2339 582 2379 Bibl.
616 2338 881 2387 Marciana,
920 2339 997 2379 lat.
1029 2339 1116 2391 IX,
1154 2352 1267 2397 129,
1300 2340 1374 2381 fol.
1419 2354 1488 2395 74.
1517 2341 1685 2393 (Lettre

515 2406 739 2460 originale
765 2418 844 2447 sur
866 2406 1058 2459 papien)
