1906 2984
723 312 958 370 —75-

259 436 410 487 Cette
442 436 805 486 intervention
835 436 1108 486 nominale
1136 435 1200 484 de
1229 435 1361 484 Jean
1390 434 1504 484 Ga-

190 516 299 566 leas
329 517 499 567 Marie
525 517 791 578 Visconti,
821 516 974 581 maiS,
1001 533 1067 565 en
1090 516 1200 580 fait,
1227 517 1291 565 de
1317 515 1503 565 Ludo-

189 598 274 648 vic
314 598 362 647 le
408 600 582 661 More,
627 599 710 649 n'a
754 613 848 665 pas
885 598 992 647 lieu
1038 599 1359 660 d'etonner3
1415 612 1502 645 car

192 695 264 728 on
314 679 412 729 sait
461 680 537 729 les
587 693 834 747 rapports
884 678 1126 729 d'etroite
1176 677 1357 728 amitie'
1410 676 1503 743 qui

188 760 375 810 liaient
403 760 450 809 le
492 761 597 810 duc
641 762 704 810 de
749 760 873 810 Bari
924 773 972 809 et
1012 759 1060 809 le
1105 772 1280 809 comte
1323 759 1386 808 de
1428 758 1504 807 La

191 841 500 891 Mirandole
535 854 583 891 et
616 841 692 890 les
720 841 1049 906 obligations
1083 841 1146 889 de
1178 853 1326 890 toute
1362 851 1504 888 sorte

190 939 293 988 que
331 939 388 971 66
413 922 625 971 dernier
657 922 795 971 avait
831 925 1162 970 contracte'es
1190 936 1377 970 envers
1404 918 1500 979 lui,

189 1019 400 1053 comme
443 1003 480 1052 il
520 1003 568 1053 16
611 1003 863 1052 declarait
903 1002 1188 1051 lui-meme
1225 1002 1358 1051 dans
1396 1017 1502 1050 une

186 1084 339 1134 lettre
372 1085 401 1134 a
439 1085 658 1134 Andrea
687 1084 905 1135 Corneo
951 1083 1243 1147 d'Urbino‚
1282 1099 1347 1132 en
1382 1083 1500 1132 date

187 1166 260 1216 du
294 1168 349 1216 15
381 1166 600 1216 octobre
632 1166 763 1230 1486
791 1165 824 1215 ¹.

257 1246 528 1311 Instruits⁷
560 1247 589 1296 a
637 1246 755 1296 leur
800 1246 1002 1296 arrivee
1060 1247 1088 1296 a
1139 1244 1308 1308 PariS‚
1337 1245 1401 1295 de
1450 1244 1501 1294 13

185 1327 429 1378 de'cision
490 1327 764 1394 gracieuse
824 1328 966 1394 prise
1014 1344 1110 1395 par
1168 1327 1216 1376 16
1272 1326 1374 1386 roi,
1423 1325 1500 1375 les

185 1425 388 1459 nonces
430 1409 641 1459 avaient
675 1409 904 1459 aussitot
946 1409 1089 1460 avise
1127 1424 1268 1475 pour
1304 1407 1500 1474 qu’elle

185 1491 330 1541 n'efit
384 1490 539 1557 point
588 1490 781 1541 d’effet.
823 1492 972 1541 Pour
1032 1490 1161 1550 cela,
1214 1489 1280 1539 ils
1344 1488 1501 1538 firent

185 1572 394 1638 rediger
436 1573 529 1622 des
571 1572 753 1622 lettres
793 1584 1037 1639 patentes
1084 1582 1378 1621 contenant
1424 1569 1501 1619 les

186 1654 329 1704 brefs
357 1654 558 1705 relatifs
586 1654 614 1704 3
639 1653 689 1704 13
715 1652 1141 1704 condamnation
1167 1652 1232 1702 de
1258 1651 1501 1717 l'Apolo-

241 1829 277 1856 1.
316 1815 646 1870 L'application
689 1829 776 1857 aux
814 1816 971 1857 etudes
1012 1812 1251 1865 serieuses‚
1289 1814 1499 1865 disant-il,

186 1892 251 1924 est
276 1885 317 1924 16
344 1884 423 1924 fait
445 1885 522 1925 des
560 1885 740 1937 princes
769 1897 777 1924 ;
803 1899 822 1923 «
847 1885 952 1924 Haec
985 1895 1068 1937 ego
1095 1883 1315 1936 principis
1343 1882 1427 1921 viri
1458 1889 1501 1921 et

183 1952 437 1993 existimavi
477 1964 672 2004 semper,
699 1960 742 1991 et
781 1964 903 1992 nunc
942 1951 1167 1991 existimo.
1195 1951 1282 1990 Sed
1322 1950 1418 1989 haec
1451 1958 1501 1989 ut

182 2029 300 2067 vere,
325 2018 385 2057 ita
419 2029 571 2057 severe
607 2017 799 2057 dixerim
827 2029 835 2056 :
868 2017 1083 2069 equidem
1119 2016 1348 2068 principes
1389 2015 1500 2054 istos

182 2085 606 2136 excellentissimos,
634 2085 679 2123 in
725 2084 982 2136 primisque
1020 2082 1371 2136 magnanimum
1395 2081 1498 2121 Bari

183 2150 346 2190 ducem
371 2151 657 2191 Ludovicum
680 2150 742 2190 ita
766 2150 865 2190 6010
901 2158 944 2189 et
979 2160 1186 2199 veneror,
1213 2156 1263 2189 ut
1280 2160 1332 2188 ex
1360 2148 1499 2187 Italiae

182 2217 466 2270 principibus
487 2217 721 2257 neminem
743 2217 905 2269 magis,
925 2216 990 2255 illi
1015 2228 1087 2256 me
1113 2216 1313 2256 multum
1342 2214 1500 2254 multis

181 2284 235 2323 de
272 2284 422 2324 causis
459 2284 623 2324 debere
658 2283 880 2336 intelligo,
903 2291 947 2322 et
971 2283 1087 2322 nihil
1124 2290 1191 2322 est
1229 2290 1321 2321 tam
1349 2292 1498 2333 grave,

179 2349 297 2389 nihil
337 2357 431 2389 tam
468 2350 681 2400 arduum,
720 2349 845 2402 quod.
877 2348 1008 2400 (mihi
1049 2348 1085 2388 si
1123 2348 1253 2388 detur
1290 2346 1498 2397 facultas)

182 2415 445 2455 demerendi
483 2415 685 2455 hominis
712 2426 850 2455 causa
876 2413 1078 2454 facturus
1102 2425 1194 2453 non
1222 2412 1324 2454 sim.
1350 2425 1369 2450 ))
1395 2410 1499 2451 Pici

184 2481 343 2534 Opera,
370 2482 495 2531 Bale,
527 2479 651 2533 1557,
677 2480 752 2521 fol.
775 2479 830 2521 66
853 2487 913 2532 v0,
933 2479 1018 2520 601.
1048 2491 1087 2519 2.
