1906 2984
873 308 1145 353 -136—

345 437 667 480 DECLARACIO
691 447 872 479 TERCIE
910 447 1272 479 CONCLUSIONIS
1308 449 1404 479 PER
1423 446 1668 481 'DOMINUM

792 522 1022 553 COMITEM
1045 522 1216 552 FACTA.

398 604 496 650 Illa
545 604 690 650 verba
738 604 824 649 hoc
867 613 939 650 est
987 618 1178 665 corpus,
1214 613 1308 649 ete.
1347 630 1406 636 —
1439 604 1669 652 Declarat

342 679 579 726 dominus
619 679 875 725 Johannes
921 678 971 723 in
1011 679 1088 724 his
1125 678 1290 724 verbis
1325 694 1334 724 :
1381 679 1667 726 «Videatur

340 755 507 815 glossa
529 755 589 800 de
616 752 995 799 consecratione
1023 753 1139 799 dist.
1169 769 1235 810 za,
1263 753 1482 813 capitulo
1515 753 1664 800 timo-

342 844 463 887 rem,
493 839 539 875 et
564 828 771 874 habebit
802 827 1052 874 intentum
1079 827 1442 874 conclusionis.
1465 845 1485 870 »

501 934 885 977 DETERMINACIO
913 947 980 978 UT
1009 946 1164 977 SUPRA
1200 945 1505 977 DOMINORUM

803 1021 1193 1053 DEPUTATORUM.

400 1107 499 1152 Ista
525 1104 784 1151 conclusio
812 1114 886 1150 est
913 1103 1212 1150 scandalosa
1247 1112 1295 1148 et
1321 1112 1497 1148 contra
1524 1118 1664 1148 com-

340 1194 543 1224 munem
582 1177 876 1238 opinionem
919 1187 1208 1223 sanctorum
1249 1176 1532 1234 doctorum,
1568 1191 1659 1222 nec

340 1252 512 1314 opinio
535 1253 848 1313 glosatorum
873 1251 924 1297 in
947 1251 1043 1297 hoc
1060 1261 1274 1297 tenetur.

514 1358 838 1402 DECLARACIO
877 1370 1076 1408 QUARTE
1119 1371 1474 1403 CONCLUSIONIS

575 1446 671 1476 PER
703 1445 938 1477 DOMINUM
979 1445 1206 1476 COMITEM
1250 1445 1419 1477 FACTA.

395 1520 649 1568 Miracula
676 1521 885 1579 Christi,
907 1531 1019 1579 etc.2
1039 1532 1094 1567 ut
1120 1537 1284 1582 supra.
1302 1549 1358 1554 —
1374 1536 1399 1567 c<
1417 1520 1506 1566 Est
1528 1534 1661 1565 com-

338 1596 503 1642 munis
540 1595 795 1641 sentencia
836 1595 1192 1656 theologorum
1226 1596 1362 1656 quod
1389 1609 1542 1655 opera
1564 1609 1660 1654 que

337 1670 551 1717 faciebat
586 1669 832 1728 ChristUS,
856 1680 1064 1729 possent
1090 1670 1197 1715 fieri
1225 1670 1382 1715 eciam
1420 1685 1446 1714 a
1478 1668 1659 1714 virtute

339 1745 524 1801 divina,
569 1744 818 1789 mediante
862 1759 990 1803 puro
1025 1744 1255 1802 homine;
1299 1744 1386 1789 sed
1430 1743 1480 1788 id
1525 1742 1661 1802 quod

337 1819 612 1874 concludit,
657 1818 912 1864 evidenter
953 1818 1118 1877 ipsum
1155 1818 1358 1878 propria
1397 1817 1577 1862 virtute
1616 1827 1664 1863 et

338 1908 440 1937 non
465 1892 666 1937 aliunde
687 1902 890 1951 accepta
913 1891 1090 1936 fecisse
1112 1891 1367 1945 miracula,
1394 1903 1467 1937 est
1483 1892 1661 1936 modus

336 1966 569 2023 faciendi,
595 1966 711 2025 quia
739 1965 934 2011 scilicet
959 1965 1009 2010 in
1045 1966 1238 2010 orando
1265 1966 1342 2011 vel
1367 1965 1449 2010 alii
1483 1980 1662 2010 secun-

337 2042 456 2086 dum
485 2040 586 2099 (sic)
608 2040 902 2100 propria[m]
923 2042 1264 2102 potestate[m]
1294 2052 1340 2086 et
1365 2040 1660 2101 imperando

340 2115 497 2161 multa
523 2115 711 2160 faciunt
738 2115 993 2160 miracula.
1019 2132 1038 2157 »

430 2213 814 2256 DETERMINACIO
845 2226 1147 2258 DOMINORUM
1180 2225 1568 2257 DEPUTATORUM.

398 2319 417 2343 «
445 2300 718 2346 Conclusio
752 2310 919 2360 potest
956 2300 1085 2346 trahi
1120 2300 1183 2345 ad
1219 2300 1407 2345 malum
1439 2313 1659 2356 sensum,

338 2374 455 2434 quia
495 2374 781 2420 continetur
819 2374 948 2420 inter
986 2374 1222 2434 magicas,
1251 2375 1366 2420 dato
1407 2374 1544 2435 quod
1570 2388 1659 2419 sua

337 2448 608 2495 declaratio
637 2448 698 2495 sit
724 2463 838 2494 vera
865 2459 911 2494 et
934 2448 1247 2494 tollerabilis.
1269 2466 1288 2490 »
