1906 2984
699 336 964 364 ——121—

176 448 351 493 horam
399 456 446 492 et
488 446 656 491 locum
693 446 969 506 prescripta
1012 460 1217 491 vocasse
1257 446 1487 491 eumdem

177 521 438 566 dominum
468 520 748 566 Johannem
788 519 1036 578 comitem,
1080 520 1142 565 ad
1183 519 1488 565 audiendum

175 595 485 641 voluntatem
520 594 697 654 prefati
736 593 925 639 domini
966 593 1294 639 commissarii
1328 603 1375 639 et
1408 593 1489 638 de-

175 679 464 727 putatorum
503 668 846 728 predictorum
892 682 1040 727 super
1080 667 1317 727 predictis
1367 682 1487 713 con-

177 742 508 788 clusionibus.

237 817 336 872 Qui
362 830 535 861 ornnes
571 814 759 861 domini
798 815 1039 874 deputati,
1079 826 1135 861 ut
1167 815 1487 875 premittitur,

175 906 264 950 per
288 890 534 950 prefatum
568 889 868 934 sanctissimi
909 889 1111 933 Domini
1154 889 1312 934 nostri
1356 891 1489 948 Pape

178 979 433 1011 cursorem
459 963 638 1021 vocati,
665 973 831 1022 preter
856 963 1157 1008 reverendos
1198 962 1248 1007 in
1289 963 1489 1008 Christo

177 1050 340 1098 patres
377 1037 609 1082 dominos
648 1036 976 1094 Aleriensem,
1019 1036 1359 1094 Tiburtinum,
1396 1037 1490 1082 Le-

176 1112 452 1172 glinensem
514 1121 561 1157 et
612 1111 945 1155 Conclensem
1000 1111 1282 1170 episcopos,
1323 1126 1491 1156 coram

177 1185 368 1246 prefato
410 1185 615 1230 domino
642 1184 1007 1242 commissario,
1036 1185 1115 1230 die
1143 1196 1191 1230 et
1215 1185 1340 1230 hora
1378 1200 1491 1244 pre-

179 1259 324 1305 dictis
363 1258 413 1304 in
454 1259 566 1304 loco
606 1258 957 1318 prenominato
998 1269 1404 1318 comparuerunt,
1446 1269 1494 1304 et

179 1332 366 1378 ibidem
385 1332 597 1378 invicem
616 1332 844 1378 sedentes
862 1331 1113 1392 petierunt
1131 1332 1227 1378 sibi
1250 1333 1493 1378 declarari

179 1406 520 1466 infrascriptas
558 1416 747 1466 septem
780 1406 1133 1452 conclusiones
1168 1422 1195 1452 a
1227 1407 1362 1453 dicto
1401 1407 1493 1452 do-

179 1480 316 1526 mino
361 1481 589 1526 Johanne
630 1480 830 1539 comite,
876 1481 1065 1527 ibidem
1108 1492 1359 1541 presente,
1408 1483 1493 1541 qui

180 1554 374 1614 singula
400 1554 607 1614 singulis
634 1555 986 1615 respondendo
1024 1556 1319 1615 declaravit,
1345 1567 1496 1616 prout

181 1627 308 1673 infra
335 1628 576 1688 sequitur.

242 1703 303 1747 Et
327 1702 489 1761 primo
522 1702 583 1747 ad
616 1701 1041 1762 interrogaciones
1080 1705 1372 1750 eorumdem
1403 1705 1494 1750 do-

182 1774 432 1819 minorum
479 1775 810 1820 commissarii
855 1786 902 1821 et
949 1777 1299 1836 deputatorum
1347 1794 1497 1838 super

181 1848 340 1907 prima
374 1849 698 1894 conclusione
728 1849 1046 1909 declaranda,
1075 1853 1215 1912 cujus
1254 1863 1400 1899 tenor
1434 1854 1494 1899 de

183 1923 336 1967 verbo
365 1924 427 1968 ad
451 1924 659 1969 verbum
683 1923 795 1969 talis
822 1934 896 1969 est
922 1939 932 1969 ;

419 2043 583 2086 PR1MA
616 2057 888 2089 CONCLUSIO
916 2059 1255 2091 DECLARANDA.

245 2145 508 2192 «Christus
528 2161 630 2192 non
647 2147 889 2193 veraciter
909 2158 955 2194 et
975 2159 1215 2208 quantum
1234 2151 1296 2196 ad
1314 2152 1498 2197 realem

181 2221 491 2280 presenciam
516 2221 774 2268 descendit
798 2223 860 2267 ad
884 2222 1090 2282 inferos,
1117 2235 1171 2270 ut
1195 2225 1338 2285 ponit
1358 2226 1499 2270 Tho-

182 2310 286 2340 mas
322 2306 368 2342 et
394 2296 677 2342 communis
712 2297 809 2356 via,
837 2298 925 2343 sed
951 2298 1113 2343 solum
1147 2300 1314 2358 quoad
1348 2299 1496 2346 effec-

181 2378 303 2414 tum.
336 2386 355 2410 »

243 2443 341 2488 Pro
369 2458 466 2503 qua
486 2443 686 2503 quidem
704 2445 1029 2492 conclusione
1049 2446 1351 2493 declaranda
1369 2447 1500 2494 idem
