1906 2984
652 296 921 340 „129-

136 404 479 450 commissario
524 416 572 451 et
607 405 873 464 deputatis,
922 405 1045 450 hora
1084 416 1342 462 consueta,
1383 407 1445 452 ad

135 481 539 538 respondendum
560 481 859 539 quibusdam
879 480 1290 526 conclusionibus
1315 481 1445 525 inter

135 552 256 597 alias
295 568 384 612 per
423 569 536 599 eum
573 554 768 599 oblatis.
802 555 911 609 Qua
945 553 1023 599 die
1052 554 1184 599 idern
1210 554 1444 599 dominus

132 627 385 672 Johannes
409 642 575 673 comes
601 628 804 673 minime
837 628 1118 688 comparuit
1139 628 1224 673 illa
1250 628 1329 673 die
1353 642 1444 673 nec

135 701 461 759 sequentibus
488 702 663 746 diebus
691 702 741 746 in
769 701 958 760 prefata
984 702 1370 762 congregatione
1398 711 1446 746 et

135 789 303 819 coram
329 775 523 835 prefato
551 775 756 820 domino
783 775 1122 820 commisario.

192 848 336 894 Dicta
373 849 451 894 die
478 849 699 908 ejusdem
736 849 922 894 mensis
948 849 1136 904 marcii,
1159 847 1444 908 congregati

134 922 196 967 ad
221 922 451 980 invicem,
473 936 646 967 omnes
672 921 861 967 domini
888 922 1112 981 deputati
1133 922 1310 981 prefati
1330 937 1444 981 pre-

131 1006 206 1040 ter
230 995 489 1040 dominum
525 996 751 1040 Marcum
788 995 848 1039 de
882 995 1119 1052 Miroldo‚
1155 995 1443 1055 magistrum

133 1069 259 1114 sacri
288 1069 492 1127 Palacii‚
521 1069 605 1128 qui
638 1069 688 1114 in
714 1068 949 1114 omnibus
987 1079 1035 1115 et
1061 1068 1268 1129 singulis
1290 1069 1445 1114 infra-

132 1142 345 1202 scriptis,
394 1143 658 1187 occasione
703 1142 998 1202 egritudinis
1047 1142 1444 1202 supervenientis

134 1218 204 1273 (ut
229 1215 502 1274 dicebatur)
523 1215 573 1261 in
589 1230 719 1271 eum,
742 1215 945 1261 minime
964 1215 1188 1262 interfuit
1205 1227 1290 1262 aut
1314 1231 1443 1261 unus

131 1289 191 1334 de
211 1288 448 1349 predictis
474 1289 691 1334 dominis
714 1289 964 1349 deputatis
989 1289 1137 1335 fuerit
1164 1289 1267 1349 (sic)
1296 1305 1445 1349 super

129 1362 236 1422 ipsa
276 1374 453 1422 quarta
490 1363 815 1409 conclusione
855 1363 1101 1424 incipiens
1150 1364 1252 1423 (sic)
1291 1365 1443 1410 :Non

128 1437 370 1481 assentior
394 1437 640 1481 communi
656 1437 914 1492 sentencie,
934 1447 981 1482 et
1006 1437 1231 1496 ejusdem
1252 1436 1443 1481 domini

127 1498 370 1554 Johannis
391 1509 587 1554 comitis
605 1524 754 1569 super
773 1524 829 1555 ea
844 1510 1173 1569 responsione
1192 1510 1444 1570 disputan-

127 1593 220 1639 tes,
244 1582 372 1627 inter
398 1597 448 1627 se
469 1583 824 1628 concluserunt
842 1582 892 1627 in
917 1583 1008 1628 hec
1027 1583 1256 1628 formalia
1272 1584 1441 1641 verba,

127 1655 391 1701 videlicet:
418 1656 749 1701 Considerata
782 1656 1108 1716 responsione
1140 1656 1317 1716 prefati
1351 1657 1442 1702 do-

128 1729 249 1774 mini
273 1729 516 1774 Johannis
540 1730 737 1776 comitis
756 1741 803 1776 et
827 1730 1064 1790 opinione
1092 1745 1147 1775 ac
1171 1730 1368 1776 motivis
1396 1742 1443 1776 et

128 1799 416 1848 racionibus
464 1803 670 1848 Henrici
710 1805 906 1863 cujus...
950 1804 1176 1863 opinioni
1214 1803 1444 1849 innititur

125 1877 345 1936 prefatus
370 1891 556 1934 comeS‚
583 1877 744 1922 visum
764 1889 836 1923 est
860 1878 1093 1923 omnibus
1110 1877 1316 1937 prefatis
1350 1878 1440 1922 do-

127 1950 276 1995 minis
306 1951 555 2010 deputatis
583 1962 630 1996 et
655 1951 908 1996 communi
933 1962 1051 1997 voto
1079 1951 1302 2011 ipsorum
1327 1967 1441 2011 pre-

126 2024 278 2069 fatam
317 2024 696 2070 conclusionem
738 2040 796 2070 ex
839 2025 886 2070 vi
922 2026 1166 2071 sermonis
1200 2027 1441 2085 derogare

128 2097 293 2144 divine
320 2098 696 2158 omnipotentie,
726 2109 772 2144 et
797 2098 892 2144 hoc
924 2114 1096 2159 sapere
1127 2099 1358 2145 heresim.

187 2172 348 2231 Supra
374 2171 546 2231 quinta
579 2172 904 2218 conclusione
929 2173 1155 2232 predicta
1196 2171 1439 2232 incipiens

129 2244 230 2304 (sic)
259 2260 268 2290 ε
300 2245 644 2291 Correlarz'um
667 2260 758 2290 non
785 2254 870 2303 est,
899 2257 1012 2303 etc.‚
1039 2245 1216 2306 prefati
1248 2244 1439 2290 domini

127 2317 350 2376 deputati
375 2317 427 2362 in
460 2317 715 2377 sepedicto
750 2319 862 2364 loco
897 2318 1127 2364 similiter
1152 2329 1438 2378 congregati

127 2390 177 2435 in
202 2390 453 2450 presentia
479 2391 670 2436 domini
695 2391 938 2437 Johannis
972 2391 1194 2452 episcopi
1221 2401 1268 2437 et
1300 2405 1438 2436 com-
