1906 2984
888 276 1162 319 —152—

367 398 723 446 conclusiones
768 399 1033 455 catholice,
1080 399 1225 460 petiit
1278 400 1689 447 declarationem.

369 472 742 533 Respondimus
769 474 907 532 quod
933 473 1290 519 conclusiones
1317 475 1562 521 catholice
1590 491 1693 521 non

367 547 669 592 damnantur
724 557 771 593 et
816 558 1033 607 possunt
1073 548 1248 594 haberi
1290 563 1350 594 ex
1401 551 1693 596 auctoribus

367 620 488 677 suis,
517 622 604 666 sed
631 621 897 668 damnatur
921 633 1057 668 totus
1076 622 1278 668 libellus
1306 637 1365 668 ex
1388 624 1693 670 admixtione

366 695 716 750 hereticarum,
771 696 889 755 quia
938 696 1195 742 modicum
1244 697 1547 743 fermentum
1581 714 1693 744 cor-

367 770 554 829 rumpit
585 780 744 815 totam
780 785 1013 816 massam.
1046 772 1108 816 Et
1134 770 1204 816 sic
1231 771 1356 831 ipse,
1384 782 1431 817 et
1469 772 1553 832 qui
1580 787 1694 818 cum

367 859 427 890 eo
455 844 641 900 aderat,
671 856 1022 891 remanserunt
1048 845 1287 892 satisfacti
1295 880 1382 890 .....

429 936 507 963 α...
536 917 703 963 Hodie
727 918 959 965 discessit
991 934 1121 964 unus
1157 920 1458 965 caballarius
1481 935 1595 965 cum
1621 921 1696 967 lit-

365 992 485 1038 teris
512 992 661 1053 regiis
703 993 765 1037 ad
795 992 1120 1039 Sanctitatem
1147 995 1375 1040 Vestram
1384 1030 1491 1040 ......
1527 996 1694 1050 Quare

368 1066 757 1112 deliberavimus
800 1066 1052 1113 remittere
1079 1068 1407 1114 caballarium
1434 1069 1519 1129 qui
1559 1070 1696 1116 venit

368 1156 482 1186 cum
509 1140 746 1186 brevibus
764 1155 855 1200 pro
876 1152 1059 1201 nepote
1080 1142 1283 1188 Domini
1315 1144 1472 1190 sancti
1502 1145 1636 1190 Petri
1663 1146 1691 1202 ¹,

369 1226 415 1261 et
440 1214 546 1275 ipse
574 1214 667 1261 erit
692 1214 869 1260 harum
888 1215 1118 1275 portitor,
1137 1231 1251 1261 cum
1272 1218 1535 1276 presertim
1554 1218 1697 1264 intel-

368 1288 583 1334 leximus
612 1287 887 1333 Dominum
918 1289 1114 1335 Bressie
1134 1290 1317 1336 ducere
1352 1306 1523 1337 secum
1547 1293 1696 1338 Joan-

369 1379 484 1410 nem
557 1363 971 1410 Mirandulanum
1036 1363 1287 1424 captivum
1352 1380 1361 1410 :
1426 1368 1489 1411 ad
1545 1383 1695 1427 quem

369 1439 627 1485 mittemus
655 1452 763 1484 cras
790 1453 947 1482 unum
983 1452 1096 1483 cum
1124 1437 1304 1484 litteris
1331 1440 1480 1501 regiis
1509 1452 1556 1487 et
1582 1458 1695 1488 nos-

368 1513 456 1559 tris
471 1514 554 1572 [et]
573 1526 815 1573 processu
835 1512 897 1557 ad
917 1511 1260 1557 inducendum
1281 1513 1445 1573 ipsum
1463 1526 1517 1561 ut
1533 1516 1697 1562 remit-

369 1598 440 1633 tat
465 1586 630 1646 ipsum
658 1585 928 1644 Bressiam,
957 1597 1011 1632 ut
1036 1586 1105 1631 ibi
1136 1588 1198 1633 ad
1226 1589 1517 1635 mandatum
1546 1591 1697 1636 Sanc-

369 1660 525 1707 titatis
551 1661 729 1706 Vestre
757 1648 1039 1707 detineatur
1071 1661 1114 1720 2;
1143 1663 1281 1722 quod
1305 1663 1491 1722 poterit
1513 1664 1694 1722 facere,

428 1823 462 1849 1.
487 1810 573 1849 Les
599 1821 769 1850 nonces
785 1809 964 1849 avaient
989 1809 1156 1863 charge
1179 1811 1234 1850 de
1257 1813 1610 1852 recommander
1639 1826 1696 1854 au

370 1877 437 1916 roi
467 1877 707 1917 Leonardo
734 1877 904 1916 Grosso
931 1877 1052 1916 della
1078 1877 1268 1927 Rovere,
1297 1890 1443 1919 neveu
1465 1880 1526 1919 du
1549 1881 1696 1920 cardi-

368 1944 445 1982 nal
473 1943 527 1982 de
555 1943 1135 1994 Saint-Pierre·aux-Liens,
1160 1957 1276 1997 pour
1303 1946 1344 1985 le
1378 1946 1500 1999 siege
1527 1947 1698 2000 episco-

370 2011 442 2061 pal
460 2010 644 2063 d'Agen.
667 2010 836 2062 (Lettre
856 2011 934 2050 des
954 2022 1124 2050 nonces
1145 2023 1201 2051 au
1222 2024 1352 2064 pape,
1374 2013 1515 2061 Paris,
1536 2026 1588 2068 29
1607 2015 1699 2066 jan-

369 2077 466 2116 vier
515 2074 658 2128 1488.)
701 2076 769 2116 Cf.
814 2074 1072 2128 egalement
1108 2076 1288 2117 Leonce
1329 2079 1384 2118 de
1412 2080 1697 2134 Villeneuoe,

369 2143 651 2184 Reclzerches
667 2155 748 2183 sur
766 2143 810 2182 la
825 2143 958 2183 Fami
964 2143 1021 2183 lle
1033 2142 1167 2183 Della
1180 2143 1371 2196 Rovere,
1385 2146 1543 2197 Rome,
1571 2161 1584 2187 1
1595 2147 1696 2203 887,

370 2210 477 2260 in-8‚
497 2224 540 2263 p.
578 2209 647 2251 56.

426 2288 465 2317 2.
489 2276 553 2315 La
570 2276 737 2329 phrase
763 2284 830 2316 est
863 2288 989 2316 assez
1023 2276 1289 2327 incorrecte,
1311 2278 1417 2320 bien
1456 2282 1620 2333 qu'elle
1651 2295 1698 2324 se

372 2355 652 2395 comprenne
696 2342 973 2384 facilement.
1016 2343 1103 2383 Les
1143 2356 1314 2385 nonces
1357 2348 1537 2388 avaient
1571 2362 1698 2390 cons-

372 2410 527 2450 cience
571 2411 626 2451 de
669 2411 769 2451 leur
797 2412 912 2464 style
955 2410 1136 2465 neglige
1172 2420 1217 2453 et
1263 2413 1319 2454 ils
1362 2414 1455 2456 s'en
1482 2426 1699 2458 excusent
