1906 2984
796 290 852 296 —
892 265 1067 320 154..-

906 480 949 509 2.

337 628 357 651 «
390 609 684 656 Beatissime
713 612 877 670 Pater,
905 623 1021 672 post
1052 614 1239 674 pedum
1282 617 1456 663 oscula
1482 619 1600 664 bea-

273 693 456 729 torum.
474 685 752 744 Postquam
771 685 893 732 alias
909 686 1099 734 litteras
1120 687 1412 749 scripsimus
1429 699 1475 734 et
1488 700 1602 748 post

275 756 555 803 discessum
594 760 861 816 tabellarii,
896 761 989 807 hec
1043 775 1372 810 occurrerunt
1413 763 1601 823 signifi-

274 833 434 878 canda
500 834 760 881 Sanctitati
802 836 997 894 Vestre,
1027 838 1165 897 quod
1223 837 1599 884 Illustrissimus

274 908 333 953 D.
385 907 648 969 Philippus
688 910 749 955 de
794 910 1065 969 Sabaudia,
1110 913 1358 958 Dominus
1402 912 1597 969 Brexie,

273 982 591 1029 concluserat
613 999 811 1030 mecum
835 986 912 1030 Jo.
947 986 1127 1044 OrioIi,
1157 988 1295 1047 quod
1329 1002 1443 1033 cum
1469 997 1600 1032 esset

271 1056 431 1102 iturus
463 1058 525 1103 ad
574 1058 1062 1106 Christianissimum
1098 1061 1372 1107 Dominum
1410 1076 1596 1122 regem,

272 1130 581 1190 relinqueret
610 1133 690 1178 hic
726 1134 973 1180 Joannem
995 1136 1244 1182 Comitem
1285 1136 1598 1181 Mirandula-

271 1220 408 1264 num,
430 1217 478 1252 et
497 1206 730 1254 daremus
757 1224 963 1269 operam
988 1222 1043 1257 ut
1069 1222 1363 1271 caperetur;
1393 1221 1440 1257 et
1463 1222 1598 1271 post-

271 1294 423 1339 quam
440 1280 619 1327 fuisset
645 1294 839 1343 captus,
863 1283 1055 1331 dixerat
1082 1300 1133 1331 se
1159 1285 1441 1331 contentari
1461 1286 1598 1346 quod

271 1354 555 1400 mitteretur
581 1356 643 1402 ad
673 1368 836 1404 castra
863 1358 1020 1418 ipsius
1049 1360 1107 1405 D.
1152 1359 1371 1420 Philippi
1407 1360 1470 1405 ad
1504 1359 1599 1405 fra-

269 1440 396 1475 trem
413 1444 605 1489 meum3
624 1433 712 1478 sed
738 1444 931 1492 postea,
955 1444 1146 1479 mutata
1172 1434 1439 1492 sententia,
1460 1435 1598 1494 quod

270 1520 359 1550 cur
375 1503 549 1551 fecerit
560 1506 828 1565 nescimus,
843 1508 967 1555 dixit
986 1523 1037 1554 se
1053 1509 1323 1555 ducturum
1342 1509 1505 1568 ipsum
1517 1510 1598 1555 Jo-

269 1578 487 1625 hannem
509 1581 745 1628 comitem
770 1583 834 1628 ad
861 1583 1135 1629 Dominum
1153 1585 1354 1644 Regem,
1382 1594 1430 1630 et
1460 1585 1598 1644 quod

269 1668 400 1698 unus
428 1665 658 1700 nostrum
692 1656 785 1702 iret
825 1657 976 1702 etiam
1012 1659 1074 1703 ad
1113 1658 1220 1703 eius
1260 1658 1594 1705 Maiestatem.

270 1727 342 1773 Ivi
376 1738 555 1787 postea
587 1727 695 1787 ipse
736 1729 992 1775 Johannes
1038 1731 1200 1776 Orioli
1246 1732 1308 1777 ad
1349 1732 1597 1778 cancella-

269 1803 400 1848 rium
426 1803 575 1848 huius
611 1804 785 1864 Regni,
823 1805 908 1865 qui
938 1805 1100 1863 (sicuti
1134 1804 1509 1866 scripseramus)
1539 1822 1598 1852 ex

267 1889 407 1937 parte
443 1877 590 1938 Regis
636 1879 956 1926 commiserat
999 1879 1259 1940 preposito
1303 1881 1594 1939 Parisiensi‚

269 1952 354 2011 qui
382 1952 533 1998 etiam
567 1963 640 1998 est
673 1952 824 1999 iudex
862 1954 1102 2000 secularis
1139 1965 1187 2000 et
1223 1954 1514 2013 criminalis,
1542 1969 1598 2004 ut

267 2037 513 2086 prestaret
535 2028 682 2072 nobis
712 2029 1002 2074 bracchium
1037 2030 1261 2075 seculare
1305 2031 1367 2075 ad
1401 2032 1597 2092 capien-

269 2103 388 2146 dum
429 2102 646 2147 eundem
694 2103 932 2149 comitem
975 2105 1260 2151 Johannem
1305 2119 1314 2148 :
1359 2105 1443 2163 qui
1484 2122 1597 2152 can-

268 2176 500 2222 cellarius
544 2175 693 2222 etiam
728 2177 956 2224 hortatus
999 2190 1071 2224 est
1112 2191 1164 2225 ut
1196 2197 1325 2229 unus
1365 2194 1594 2229 nostrum

268 2262 347 2297 eat
401 2264 516 2312 post
556 2253 721 2314 ipsum
764 2253 1000 2298 comitem
1045 2254 1344 2301 Johannem.
1395 2259 1457 2303 Et
1497 2258 1594 2303 hoc

267 2340 429 2383 mane,
455 2327 572 2386 quia
600 2327 1040 2388 appropinquabat
1069 2328 1193 2374 hora
1217 2345 1315 2390 qua
1340 2332 1593 2378 debebant

266 2400 512 2461 publicari
546 2402 823 2462 apostolice
856 2402 1019 2450 littere
1051 2403 1389 2452 damnationis
1433 2406 1591 2454 libelli
