1906 2984
745 323 979 366 -31-

280 446 380 495 Les
425 446 605 496 lettres
649 448 741 496 des
783 464 985 497 nonces
1012 449 1221 499 avaient
1257 467 1321 499 eu
1354 451 1512 500 l'effet

204 528 395 578 desire.
427 528 501 577 Le
530 541 705 578 comte
732 529 795 578 de
833 529 1023 579 Bresse
1057 530 1196 580 avait
1232 531 1512 582 maintenu

205 609 300 659 Pic
341 626 406 659 en
444 614 549 659 etat
588 609 961 660 d’arrestation
1003 624 1052 660 et
1090 628 1144 660 se
1180 612 1447 679 preparait
1485 613 1513 662 a

201 691 249 739 le
278 691 538 740 conduire
559 692 586 740 a
613 691 781 740 Paris.
813 691 886 740 Le
904 691 1191 742 dimanche
1207 709 1269 759 27
1290 694 1511 759 janvier,

202 772 278 820 les
309 789 511 821 nonces
554 772 866 821 obtenaient
900 789 1005 822 une
1037 773 1297 823 audience
1331 776 1402 824 du
1430 776 1511 824 roi

203 867 252 902 et
278 854 355 903 lui
377 854 739 919 presentaient
758 870 831 903 un
851 853 972 902 bref
993 855 1064 904 du
1092 871 1226 920 pape
1246 855 1425 905 relatif
1446 873 1512 905 au

203 951 288 985 cas
328 935 587 985 d'heresie
623 934 797 984 releve
841 948 1026 985 contre
1063 935 1157 985 Pic
1198 937 1261 985 de
1292 937 1367 987 La
1413 938 1514 987 Mi-

203 1158 318 1198 Bibl.
349 1159 402 1198 de
424 1158 658 1206 l'Arsenal,
689 1157 873 1209 (Domus
906 1162 950 1197 et
984 1157 1225 1198 societatis
1256 1158 1514 1199 Sorbonicoe

201 1224 419 1276 historia),
447 1236 506 1263 on
550 1224 603 1263 lit
631 1236 710 1263 sur
743 1224 854 1263 Jean
890 1223 1140 1264 L'Huillier
1176 1225 1220 1264 la
1245 1226 1393 1265 notice
1417 1226 1512 1265 sui-

197 1298 329 1330 vante
376 1302 384 1328 :
431 1304 450 1328 «
509 1290 725 1330 Decimus
779 1290 966 1342 quintus
1020 1291 1238 1330 Sorbonae
1293 1292 1513 1344 provisor,

196 1357 395 1397 Joannes
419 1356 683 1396 L’Huillier.
713 1379 764 1384 —
787 1356 965 1396 Nobilis
993 1356 1265 1396 Parisiensis
1290 1358 1514 1399 Guidonis

198 1422 447 1462 L'Huillier
501 1422 678 1461 Baillivi
739 1423 1079 1462 Meledunensis
1138 1422 1276 1473 filius,
1325 1424 1514 1464 Joannis

198 1489 392 1529 Senatus
435 1488 703 1528 Parisiensis
750 1488 953 1529 advocati
1009 1490 1119 1542 regii
1175 1502 1434 1542 germanus,
1468 1491 1513 1530 in

198 1556 388 1596 domum
448 1555 748 1595 Sorbonicam
810 1556 1039 1596 admissus
1102 1568 1222 1596 anno
1282 1555 1407 1608 1436,
1461 1570 1514 1596 ex

195 1623 248 1662 D.
294 1622 566 1674 Delaulnoy.
612 1622 780 1662 Doctor
825 1622 1034 1671 subinde,
1064 1622 1295 1674 professor
1332 1631 1375 1663 et
1408 1636 1514 1675 pro-

192 1689 315 1729 visor
341 1689 618 1728 Sorbonicus
651 1689 792 1728 evasit
823 1696 925 1741 post
951 1689 1183 1729 Thomam
1212 1690 1267 1730 de
1293 1690 1514 1730 Corccllis

194 1755 314 1795 circa
344 1767 518 1795 annum
546 1753 730 1807 146711111.

246 1836 264 1859 «
296 1821 504 1861 Decanus
540 1820 622 1860 fuit
648 1821 857 1860 Ecclesiae
888 1821 1156 1861 Parisiensis
1194 1830 1237 1862 et
1277 1830 1433 1875 postca
1459 1834 1511 1861 ex

194 1887 593 1927 commendatione
625 1887 760 1939 Regis
784 1887 1002 1928 Ludovici
1037 1889 1095 1927 XI
1125 1889 1257 1928 cuius
1280 1897 1375 1928 erat
1403 1901 1512 1928 con-

194 1953 411 1994 fessarius
442 1962 484 1993 et
510 1953 656 2005 major
689 1954 1092 2007 eleemosynarius,
1114 1954 1368 2007 Episcopus
1400 1955 1512 1994 Mel-

195 2021 347 2060 dcnsis
395 2021 565 2060 electus
614 2033 732 2059 anno
780 2019 902 2072 1483.
947 2021 1154 2068 Senonis‚
1200 2021 1278 2061 VII
1319 2021 1512 2073 Augusti

194 2087 486 2139 metropolita
522 2095 812 2126 consecratus
838 2095 918 2127 est.
942 2088 1177 2140 Synodum
1202 2088 1513 2127 dioecesanum

195 2166 276 2205 pro
299 2152 606 2192 ecclesiastica
648 2152 890 2204 disciplina
931 2154 1236 2206 congregavit.
1267 2154 1513 2193 Basilicam

196 2232 328 2260 suam
363 2219 617 2271 plurimum
658 2220 901 2259 decoravit.
937 2219 1125 2260 Clerum
1167 2220 1379 2260 Ecclesiae
1419 2233 1511 2260 suae

195 2286 471 2327 cathedralis
510 2286 689 2326 duobus
718 2285 931 2326 choristis
964 2287 1102 2327 auxit.
1143 2287 1269 2327 Obiit
1309 2295 1385 2326 21a
1411 2299 1512 2339 scp-

197 2352 389 2392 tembris
428 2352 535 2391 anni
583 2351 712 2403 15oo;
751 2352 1019 2392 inhumatus
1055 2353 1101 2392 in
1137 2353 1344 2406 ingressu
1383 2353 1511 2393 chori

199 2417 412 2458 Ecclesiae
450 2431 469 2456 »
512 2431 553 2470 p.
611 2417 703 2471 173.
746 2418 814 2460 Cf.
866 2415 1121 2471 &galement
1161 2432 1274 2472 page
1329 2418 1424 2471 164,
1470 2429 1513 2460 et

190 2496 377 2540 passzm.

1297 2581 1336 2615 δὲ
