<?xml version="1.0" encoding="UTF-8"?>
<!DOCTYPE html PUBLIC "-//W3C//DTD XHTML 1.0 Transitional//EN"
    "http://www.w3.org/TR/xhtml1/DTD/xhtml1-transitional.dtd">
<html xmlns="http://www.w3.org/1999/xhtml" xml:lang="en" lang="en">
 <head>
  <title>
</title>
<meta http-equiv="Content-Type" content="text/html;charset=utf-8" />
  <meta name='ocr-system' content='tesseract 3.04.00' />
  <meta name='ocr-capabilities' content='ocr_page ocr_carea ocr_par ocr_line ocrx_word'/>
</head>
<body>
  <div class='ocr_page' id='page_1' title='image "./picdelamirandole00dore_0161.png"; bbox 0 0 1906 2984; ppageno 0'>
   <div class='ocr_carea' id='block_1_1' title="bbox 822 285 1091 332">
    <p class='ocr_par' dir='ltr' id='par_1_1' title="bbox 822 285 1091 332">
     <span class='ocr_line' id='line_1_1' title="bbox 822 285 1091 332; baseline -0.015 1"><span class='ocrx_word' id='word_1_1' title='bbox 822 285 1091 332; x_wconf 82' lang='lat'>—153—</span> 
     </span>
    </p>
   </div>
   <div class='ocr_carea' id='block_1_2' title="bbox 309 401 1629 1205">
    <p class='ocr_par' dir='ltr' id='par_1_2' title="bbox 309 401 1629 1205">
     <span class='ocr_line' id='line_1_2' title="bbox 309 401 1616 466; baseline -0.015 0"><span class='ocrx_word' id='word_1_2' title='bbox 309 436 422 466; x_wconf 93' lang='lat' dir='ltr'>cum</span> <span class='ocrx_word' id='word_1_3' title='bbox 471 421 575 464; x_wconf 82' lang='lat' dir='ltr'>Rex</span> <span class='ocrx_word' id='word_1_4' title='bbox 621 415 837 462; x_wconf 89' lang='lat' dir='ltr'>remittat</span> <span class='ocrx_word' id='word_1_5' title='bbox 882 412 1072 458; x_wconf 89' lang='lat' dir='ltr'>dictum</span> <span class='ocrx_word' id='word_1_6' title='bbox 1117 409 1363 454; x_wconf 89' lang='lat' dir='ltr'>Joannem</span> <span class='ocrx_word' id='word_1_7' title='bbox 1411 401 1616 450; x_wconf 87' lang='lat' dir='ltr'>arbitrio</span> 
     </span>
     <span class='ocr_line' id='line_1_3' title="bbox 311 475 1621 547; baseline -0.016 -6"><span class='ocrx_word' id='word_1_8' title='bbox 311 493 513 540; x_wconf 90' lang='lat' dir='ltr'>Domini</span> <span class='ocrx_word' id='word_1_9' title='bbox 542 490 754 537; x_wconf 87' lang='lat' dir='ltr'>Bressie.</span> <span class='ocrx_word' id='word_1_10' title='bbox 777 487 1020 547; x_wconf 87' lang='lat' dir='ltr'>Cupimus</span> <span class='ocrx_word' id='word_1_11' title='bbox 1036 485 1150 540; x_wconf 87' lang='lat' dir='ltr'>hoc,</span> <span class='ocrx_word' id='word_1_12' title='bbox 1179 497 1239 528; x_wconf 90' lang='lat' dir='ltr'>ne</span> <span class='ocrx_word' id='word_1_13' title='bbox 1267 481 1329 526; x_wconf 89' lang='lat' dir='ltr'>sit</span> <span class='ocrx_word' id='word_1_14' title='bbox 1354 477 1500 524; x_wconf 90' lang='lat' dir='ltr'>nobis</span> <span class='ocrx_word' id='word_1_15' title='bbox 1527 475 1621 521; x_wconf 88' lang='lat' dir='ltr'>dis-</span> 
     </span>
     <span class='ocr_line' id='line_1_4' title="bbox 310 549 1618 630; baseline -0.017 -15"><span class='ocrx_word' id='word_1_16' title='bbox 310 568 502 630; x_wconf 89' lang='lat' dir='ltr'>putatio</span> <span class='ocrx_word' id='word_1_17' title='bbox 531 581 644 611; x_wconf 93' lang='lat' dir='ltr'>cum</span> <span class='ocrx_word' id='word_1_18' title='bbox 674 564 844 622; x_wconf 90' lang='lat' dir='ltr'>aliquo</span> <span class='ocrx_word' id='word_1_19' title='bbox 871 561 947 606; x_wconf 88' lang='lat' dir='ltr'>vel</span> <span class='ocrx_word' id='word_1_20' title='bbox 974 560 1034 605; x_wconf 92' lang='lat' dir='ltr'>de</span> <span class='ocrx_word' id='word_1_21' title='bbox 1063 551 1492 610; x_wconf 86' lang='lat' dir='ltr'>Parlamento,vel</span> <span class='ocrx_word' id='word_1_22' title='bbox 1520 549 1618 595; x_wconf 91' lang='lat' dir='ltr'>alio</span> 
     </span>
     <span class='ocr_line' id='line_1_5' title="bbox 312 627 1618 693; baseline -0.016 -4"><span class='ocrx_word' id='word_1_23' title='bbox 312 645 372 690; x_wconf 90' lang='lat' dir='ltr'>de</span> <span class='ocrx_word' id='word_1_24' title='bbox 399 641 602 687; x_wconf 91' lang='lat' dir='ltr'>homine</span> <span class='ocrx_word' id='word_1_25' title='bbox 629 639 742 693; x_wconf 76' lang='lat' dir='ltr'>ism,</span> <span class='ocrx_word' id='word_1_26' title='bbox 777 647 825 682; x_wconf 91' lang='lat' dir='ltr'>et</span> <span class='ocrx_word' id='word_1_27' title='bbox 851 636 913 680; x_wconf 90' lang='lat' dir='ltr'>ad</span> <span class='ocrx_word' id='word_1_28' title='bbox 940 634 1035 679; x_wconf 87' lang='lat' dir='ltr'>alia</span> <span class='ocrx_word' id='word_1_29' title='bbox 1060 631 1312 692; x_wconf 87' lang='lat' dir='ltr'>possimus</span> <span class='ocrx_word' id='word_1_30' title='bbox 1344 627 1618 674; x_wconf 85' lang='lat' dir='ltr'>intendere.</span> 
     </span>
     <span class='ocr_line' id='line_1_6' title="bbox 315 702 1622 762; baseline -0.015 0"><span class='ocrx_word' id='word_1_31' title='bbox 315 715 558 762; x_wconf 84' lang='lat' dir='ltr'>Dominus</span> <span class='ocrx_word' id='word_1_32' title='bbox 599 710 795 757; x_wconf 86' lang='lat' dir='ltr'>Bressie</span> <span class='ocrx_word' id='word_1_33' title='bbox 828 719 902 755; x_wconf 87' lang='lat' dir='ltr'>est</span> <span class='ocrx_word' id='word_1_34' title='bbox 933 708 983 752; x_wconf 91' lang='lat' dir='ltr'>in</span> <span class='ocrx_word' id='word_1_35' title='bbox 1009 707 1202 761; x_wconf 84' lang='lat' dir='ltr'>itinere,</span> <span class='ocrx_word' id='word_1_36' title='bbox 1245 714 1292 749; x_wconf 95' lang='lat' dir='ltr'>et</span> <span class='ocrx_word' id='word_1_37' title='bbox 1316 702 1415 746; x_wconf 87' lang='lat' dir='ltr'>iam</span> <span class='ocrx_word' id='word_1_38' title='bbox 1441 713 1622 759; x_wconf 87' lang='lat' dir='ltr'>appro-</span> 
     </span>
     <span class='ocr_line' id='line_1_7' title="bbox 313 773 1622 851; baseline -0.015 -16"><span class='ocrx_word' id='word_1_39' title='bbox 313 790 558 851; x_wconf 86' lang='lat' dir='ltr'>pinquant</span> <span class='ocrx_word' id='word_1_40' title='bbox 590 785 666 830; x_wconf 88' lang='lat' dir='ltr'>his</span> <span class='ocrx_word' id='word_1_41' title='bbox 700 783 852 837; x_wconf 89' lang='lat' dir='ltr'>locis;</span> <span class='ocrx_word' id='word_1_42' title='bbox 889 781 928 826; x_wconf 92' lang='lat' dir='ltr'>si</span> <span class='ocrx_word' id='word_1_43' title='bbox 963 780 1104 825; x_wconf 91' lang='lat' dir='ltr'>illum</span> <span class='ocrx_word' id='word_1_44' title='bbox 1146 775 1408 831; x_wconf 85' lang='lat' dir='ltr'>remiserit,</span> <span class='ocrx_word' id='word_1_45' title='bbox 1445 773 1622 818; x_wconf 88' lang='lat' dir='ltr'>melius</span> 
     </span>
     <span class='ocr_line' id='line_1_8' title="bbox 316 847 1626 919; baseline -0.015 -10"><span class='ocrx_word' id='word_1_46' title='bbox 316 863 430 919; x_wconf 82' lang='lat' dir='ltr'>erit3</span> <span class='ocrx_word' id='word_1_47' title='bbox 470 861 510 906; x_wconf 89' lang='lat' dir='ltr'>si</span> <span class='ocrx_word' id='word_1_48' title='bbox 548 874 667 915; x_wconf 87' lang='lat' dir='ltr'>non,</span> <span class='ocrx_word' id='word_1_49' title='bbox 705 855 944 902; x_wconf 88' lang='lat' dir='ltr'>faciemus</span> <span class='ocrx_word' id='word_1_50' title='bbox 983 865 1184 897; x_wconf 89' lang='lat' dir='ltr'>omnem</span> <span class='ocrx_word' id='word_1_51' title='bbox 1217 847 1526 908; x_wconf 85' lang='lat' dir='ltr'>diligentiam</span> <span class='ocrx_word' id='word_1_52' title='bbox 1572 855 1626 890; x_wconf 88' lang='lat' dir='ltr'>ut</span> 
     </span>
     <span class='ocr_line' id='line_1_9' title="bbox 316 919 1625 991; baseline -0.015 -8"><span class='ocrx_word' id='word_1_53' title='bbox 316 939 376 984; x_wconf 87' lang='lat' dir='ltr'>de</span> <span class='ocrx_word' id='word_1_54' title='bbox 403 936 489 981; x_wconf 92' lang='lat' dir='ltr'>illo</span> <span class='ocrx_word' id='word_1_55' title='bbox 525 934 610 978; x_wconf 89' lang='lat' dir='ltr'>fiat</span> <span class='ocrx_word' id='word_1_56' title='bbox 643 931 780 991; x_wconf 89' lang='lat' dir='ltr'>quod</span> <span class='ocrx_word' id='word_1_57' title='bbox 804 927 1022 988; x_wconf 84' lang='lat' dir='ltr'>legitime</span> <span class='ocrx_word' id='word_1_58' title='bbox 1057 922 1343 970; x_wconf 88' lang='lat' dir='ltr'>debetfieri.</span> <span class='ocrx_word' id='word_1_59' title='bbox 1365 919 1625 966; x_wconf 88' lang='lat' dir='ltr'>Cancella-</span> 
     </span>
     <span class='ocr_line' id='line_1_10' title="bbox 317 991 1629 1056; baseline -0.016 0"><span class='ocrx_word' id='word_1_60' title='bbox 317 1011 420 1056; x_wconf 92' lang='lat' dir='ltr'>rius</span> <span class='ocrx_word' id='word_1_61' title='bbox 447 1008 552 1054; x_wconf 93' lang='lat' dir='ltr'>eius</span> <span class='ocrx_word' id='word_1_62' title='bbox 594 1020 744 1052; x_wconf 87' lang='lat' dir='ltr'>causa</span> <span class='ocrx_word' id='word_1_63' title='bbox 770 1001 995 1048; x_wconf 90' lang='lat' dir='ltr'>omnium</span> <span class='ocrx_word' id='word_1_64' title='bbox 1022 998 1273 1044; x_wconf 69' lang='lat' dir='ltr'>malorum.</span> <span class='ocrx_word' id='word_1_65' title='bbox 1294 1005 1368 1041; x_wconf 90' lang='lat' dir='ltr'>est</span> <span class='ocrx_word' id='word_1_66' title='bbox 1395 1008 1404 1039; x_wconf 92' lang='lat'>:</span> <span class='ocrx_word' id='word_1_67' title='bbox 1434 991 1629 1039; x_wconf 87' lang='lat' dir='ltr'>Gratia-</span> 
     </span>
     <span class='ocr_line' id='line_1_11' title="bbox 317 1065 1628 1144; baseline -0.016 -13"><span class='ocrx_word' id='word_1_68' title='bbox 317 1083 507 1144; x_wconf 87' lang='lat' dir='ltr'>nopoli‚</span> <span class='ocrx_word' id='word_1_69' title='bbox 526 1082 578 1127; x_wconf 91' lang='lat' dir='ltr'>in</span> <span class='ocrx_word' id='word_1_70' title='bbox 603 1077 917 1125; x_wconf 84' lang='lat' dir='ltr'>immunitate</span> <span class='ocrx_word' id='word_1_71' title='bbox 937 1072 1146 1120; x_wconf 84' lang='lat' dir='ltr'>ecclesie</span> <span class='ocrx_word' id='word_1_72' title='bbox 1168 1069 1456 1117; x_wconf 85' lang='lat' dir='ltr'>curabimus</span> <span class='ocrx_word' id='word_1_73' title='bbox 1481 1077 1535 1112; x_wconf 92' lang='lat' dir='ltr'>ut</span> <span class='ocrx_word' id='word_1_74' title='bbox 1559 1065 1628 1110; x_wconf 89' lang='lat' dir='ltr'>ibi</span> 
     </span>
     <span class='ocr_line' id='line_1_12' title="bbox 320 1158 950 1205; baseline -0.017 0"><span class='ocrx_word' id='word_1_75' title='bbox 320 1158 589 1205; x_wconf 83' lang='lat' dir='ltr'>retineatur</span> <span class='ocrx_word' id='word_1_76' title='bbox 614 1161 950 1200; x_wconf 70' lang='lat' dir='ltr'>carceratus..</span> 
     </span>
    </p>
   </div>
   <div class='ocr_carea' id='block_1_3' title="bbox 380 1232 1396 1302">
    <p class='ocr_par' dir='ltr' id='par_1_3' title="bbox 380 1232 1396 1302">
     <span class='ocr_line' id='line_1_13' title="bbox 380 1232 1396 1302; baseline -0.015 -11"><span class='ocrx_word' id='word_1_77' title='bbox 380 1267 400 1291; x_wconf 88' lang='lat'>«</span> <span class='ocrx_word' id='word_1_78' title='bbox 430 1244 670 1302; x_wconf 88' lang='lat' dir='ltr'>Parisius‚</span> <span class='ocrx_word' id='word_1_79' title='bbox 700 1241 779 1288; x_wconf 90' lang='lat' dir='ltr'>die</span> <span class='ocrx_word' id='word_1_80' title='bbox 805 1238 981 1285; x_wconf 88' lang='lat' dir='ltr'>ultima</span> <span class='ocrx_word' id='word_1_81' title='bbox 1004 1233 1228 1283; x_wconf 89' lang='lat' dir='ltr'>Januarii</span> <span class='ocrx_word' id='word_1_82' title='bbox 1261 1232 1396 1290; x_wconf 80' lang='lat'>1488.</span> 
     </span>
    </p>
   </div>
   <div class='ocr_carea' id='block_1_4' title="bbox 796 1334 1282 1384">
    <p class='ocr_par' dir='ltr' id='par_1_4' title="bbox 796 1334 1282 1384">
     <span class='ocr_line' id='line_1_14' title="bbox 796 1334 1282 1384; baseline -0.016 0"><span class='ocrx_word' id='word_1_83' title='bbox 796 1334 1084 1384; x_wconf 86' lang='lat' dir='ltr'>Sanctitatis</span> <span class='ocrx_word' id='word_1_84' title='bbox 1105 1334 1282 1378; x_wconf 90' lang='lat' dir='ltr'>Vestre</span> 
     </span>
    </p>
   </div>
   <div class='ocr_carea' id='block_1_5' title="bbox 539 1418 1575 1548">
    <p class='ocr_par' dir='ltr' id='par_1_5' title="bbox 539 1418 1575 1548">
     <span class='ocr_line' id='line_1_15' title="bbox 539 1418 1575 1483; baseline -0.012 -8"><span class='ocrx_word' id='word_1_85' title='bbox 539 1451 558 1475; x_wconf 89' lang='lat'>«</span> <span class='ocrx_word' id='word_1_86' title='bbox 589 1427 872 1478; x_wconf 89' lang='lat' dir='ltr'>Humillimi</span> <span class='ocrx_word' id='word_1_87' title='bbox 898 1424 1098 1483; x_wconf 84' lang='lat' dir='ltr'>servuli,</span> <span class='ocrx_word' id='word_1_88' title='bbox 1125 1423 1180 1467; x_wconf 92' lang='lat' dir='ltr'>L.</span> <span class='ocrx_word' id='word_1_89' title='bbox 1208 1418 1575 1480; x_wconf 86' lang='lat' dir='ltr'>Traguriensis.</span> 
     </span>
     <span class='ocr_line' id='line_1_16' title="bbox 1134 1492 1469 1548; baseline -0.018 -8"><span class='ocrx_word' id='word_1_90' title='bbox 1134 1515 1153 1540; x_wconf 92' lang='lat'>«</span> <span class='ocrx_word' id='word_1_91' title='bbox 1179 1496 1239 1542; x_wconf 91' lang='lat' dir='ltr'>A.</span> <span class='ocrx_word' id='word_1_92' title='bbox 1277 1492 1469 1548; x_wconf 89' lang='lat' dir='ltr'>Flores,</span> 
     </span>
    </p>
   </div>
   <div class='ocr_carea' id='block_1_6' title="bbox 1133 1565 1500 1616">
    <p class='ocr_par' dir='ltr' id='par_1_6' title="bbox 1133 1565 1500 1616">
     <span class='ocr_line' id='line_1_17' title="bbox 1133 1565 1500 1616; baseline -0.016 -1"><span class='ocrx_word' id='word_1_93' title='bbox 1133 1589 1152 1615; x_wconf 92' lang='lat'>«</span> <span class='ocrx_word' id='word_1_94' title='bbox 1179 1571 1257 1616; x_wconf 91' lang='lat' dir='ltr'>Jo.</span> <span class='ocrx_word' id='word_1_95' title='bbox 1279 1565 1458 1613; x_wconf 90' lang='lat' dir='ltr'>Orioli.</span> <span class='ocrx_word' id='word_1_96' title='bbox 1481 1582 1500 1606; x_wconf 87' lang='lat'>»</span> 
     </span>
    </p>
   </div>
   <div class='ocr_carea' id='block_1_7' title="bbox 427 1682 1638 1815">
    <p class='ocr_par' dir='ltr' id='par_1_7' title="bbox 427 1682 1638 1815">
     <span class='ocr_line' id='line_1_18' title="bbox 427 1682 1638 1741; baseline -0.017 -4"><span class='ocrx_word' id='word_1_97' title='bbox 427 1696 545 1736; x_wconf 86' lang='lat' dir='ltr'>Bibl.</span> <span class='ocrx_word' id='word_1_98' title='bbox 575 1692 837 1739; x_wconf 79' lang='lat' dir='ltr'>Marciana,</span> <span class='ocrx_word' id='word_1_99' title='bbox 866 1691 948 1730; x_wconf 84' lang='lat' dir='ltr'>lat.</span> <span class='ocrx_word' id='word_1_100' title='bbox 977 1687 1063 1739; x_wconf 90' lang='lat' dir='ltr'>IX,</span> <span class='ocrx_word' id='word_1_101' title='bbox 1093 1696 1204 1741; x_wconf 83' lang='lat'><em>129,</em></span> <span class='ocrx_word' id='word_1_102' title='bbox 1225 1682 1302 1729; x_wconf 81' lang='lat' dir='ltr'>fol,</span> <span class='ocrx_word' id='word_1_103' title='bbox 1327 1697 1448 1727; x_wconf 88' lang='lat'>2-10.</span> <span class='ocrx_word' id='word_1_104' title='bbox 1469 1682 1638 1736; x_wconf 88' lang='lat' dir='ltr'>(Lettre</span> 
     </span>
     <span class='ocr_line' id='line_1_19' title="bbox 479 1756 1015 1815; baseline -0.013 -13"><span class='ocrx_word' id='word_1_105' title='bbox 479 1761 700 1815; x_wconf 87' lang='lat' dir='ltr'>originale</span> <span class='ocrx_word' id='word_1_106' title='bbox 723 1771 801 1800; x_wconf 85' lang='lat' dir='ltr'>sur</span> <span class='ocrx_word' id='word_1_107' title='bbox 825 1756 1015 1811; x_wconf 89' lang='lat' dir='ltr'>papier.)</span> 
     </span>
    </p>
   </div>
   <div class='ocr_carea' id='block_1_8' title="bbox 329 1935 1645 2267">
    <p class='ocr_par' dir='ltr' id='par_1_8' title="bbox 329 1935 1645 2267">
     <span class='ocr_line' id='line_1_20' title="bbox 329 1935 1641 2002; baseline -0.014 -12"><span class='ocrx_word' id='word_1_108' title='bbox 329 1950 550 2002; x_wconf 84' lang='lat' dir='ltr'>quelques</span> <span class='ocrx_word' id='word_1_109' title='bbox 578 1947 722 1999; x_wconf 86' lang='lat' dir='ltr'>lignes</span> <span class='ocrx_word' id='word_1_110' title='bbox 749 1943 852 1996; x_wconf 86' lang='lat' dir='ltr'>plus</span> <span class='ocrx_word' id='word_1_111' title='bbox 875 1942 985 1982; x_wconf 91' lang='lat' dir='ltr'>loin.</span> <span class='ocrx_word' id='word_1_112' title='bbox 1014 1958 1032 1975; x_wconf 89' lang='lat'><strong><em>«</em></strong></span> <span class='ocrx_word' id='word_1_113' title='bbox 1058 1941 1266 1993; x_wconf 88' lang='lat' dir='ltr'>Ignoscat</span> <span class='ocrx_word' id='word_1_114' title='bbox 1285 1936 1510 1977; x_wconf 84' lang='lat' dir='ltr'>Sanctitas</span> <span class='ocrx_word' id='word_1_115' title='bbox 1533 1935 1641 1974; x_wconf 76' lang='lat' dir='ltr'>Ves-</span> 
     </span>
     <span class='ocr_line' id='line_1_21' title="bbox 331 1999 1642 2065; baseline -0.013 -10"><span class='ocrx_word' id='word_1_116' title='bbox 331 2025 413 2064; x_wconf 83' lang='lat' dir='ltr'>tra,</span> <span class='ocrx_word' id='word_1_117' title='bbox 441 2015 477 2054; x_wconf 86' lang='lat' dir='ltr'>si</span> <span class='ocrx_word' id='word_1_118' title='bbox 498 2015 649 2065; x_wconf 89' lang='lat' dir='ltr'>inepte</span> <span class='ocrx_word' id='word_1_119' title='bbox 675 2019 718 2051; x_wconf 92' lang='lat' dir='ltr'>et</span> <span class='ocrx_word' id='word_1_120' title='bbox 740 2009 1010 2050; x_wconf 88' lang='lat' dir='ltr'>inconcinne</span> <span class='ocrx_word' id='word_1_121' title='bbox 1038 2019 1087 2046; x_wconf 90' lang='lat' dir='ltr'>ac</span> <span class='ocrx_word' id='word_1_122' title='bbox 1108 2005 1281 2058; x_wconf 84' lang='lat' dir='ltr'>prolixe</span> <span class='ocrx_word' id='word_1_123' title='bbox 1297 2003 1436 2042; x_wconf 90' lang='lat' dir='ltr'>nimis</span> <span class='ocrx_word' id='word_1_124' title='bbox 1461 1999 1642 2040; x_wconf 88' lang='lat' dir='ltr'>molesti</span> 
     </span>
     <span class='ocr_line' id='line_1_22' title="bbox 332 2066 1643 2125; baseline -0.014 -2"><span class='ocrx_word' id='word_1_125' title='bbox 332 2082 503 2125; x_wconf 90' lang='lat' dir='ltr'>fuimus</span> <span class='ocrx_word' id='word_1_126' title='bbox 531 2077 766 2119; x_wconf 83' lang='lat' dir='ltr'>Sanctitati</span> <span class='ocrx_word' id='word_1_127' title='bbox 786 2076 945 2116; x_wconf 88' lang='lat' dir='ltr'>Vestre</span> <span class='ocrx_word' id='word_1_128' title='bbox 972 2087 981 2114; x_wconf 74' lang='grc' dir='ltr'>ε</span> <span class='ocrx_word' id='word_1_129' title='bbox 1010 2080 1187 2125; x_wconf 89' lang='lat' dir='ltr'>oportet</span> <span class='ocrx_word' id='word_1_130' title='bbox 1218 2072 1263 2110; x_wconf 92' lang='lat' dir='ltr'>in</span> <span class='ocrx_word' id='word_1_131' title='bbox 1290 2078 1384 2110; x_wconf 87' lang='lat' dir='ltr'>tam</span> <span class='ocrx_word' id='word_1_132' title='bbox 1402 2069 1537 2120; x_wconf 87' lang='lat' dir='ltr'>longo</span> <span class='ocrx_word' id='word_1_133' title='bbox 1568 2066 1643 2105; x_wconf 89' lang='lat' dir='ltr'>iti-</span> 
     </span>
     <span class='ocr_line' id='line_1_23' title="bbox 332 2135 1645 2198; baseline -0.013 -10"><span class='ocrx_word' id='word_1_134' title='bbox 332 2160 439 2188; x_wconf 90' lang='lat' dir='ltr'>nere</span> <span class='ocrx_word' id='word_1_135' title='bbox 486 2147 646 2198; x_wconf 85' lang='lat' dir='ltr'>longas</span> <span class='ocrx_word' id='word_1_136' title='bbox 691 2156 789 2184; x_wconf 85' lang='lat' dir='ltr'>esse</span> <span class='ocrx_word' id='word_1_137' title='bbox 829 2142 1019 2191; x_wconf 85' lang='lat' dir='ltr'>litteras,</span> <span class='ocrx_word' id='word_1_138' title='bbox 1050 2147 1093 2179; x_wconf 89' lang='lat' dir='ltr'>et</span> <span class='ocrx_word' id='word_1_139' title='bbox 1123 2138 1169 2179; x_wconf 88' lang='lat' dir='ltr'>in</span> <span class='ocrx_word' id='word_1_140' title='bbox 1213 2135 1509 2188; x_wconf 89' lang='lat' dir='ltr'>multiloquio</span> <span class='ocrx_word' id='word_1_141' title='bbox 1543 2145 1645 2172; x_wconf 87' lang='lat' dir='ltr'>raro</span> 
     </span>
     <span class='ocr_line' id='line_1_24' title="bbox 333 2216 786 2267; baseline -0.018 -11"><span class='ocrx_word' id='word_1_142' title='bbox 333 2216 458 2256; x_wconf 89' lang='lat' dir='ltr'>deest</span> <span class='ocrx_word' id='word_1_143' title='bbox 484 2219 733 2267; x_wconf 86' lang='lat' dir='ltr'>peccatum.</span> <span class='ocrx_word' id='word_1_144' title='bbox 766 2224 786 2248; x_wconf 88' lang='lat'>»</span> 
     </span>
    </p>
   </div>
  </div>
 </body>
</html>
