1906 2984
878 265 1148 310 —13o-÷-

359 387 591 444 missarii,
631 388 989 435 concluserunt
1022 389 1073 433 in
1110 390 1200 435 hec
1241 389 1470 436 formalia
1505 391 1674 447 verba,

357 460 592 506 videlicet
612 474 621 505 :
643 461 763 506 Visa
784 461 893 521 ipsa
916 463 1244 522 responsione
1263 474 1311 510 et
1329 464 1677 510 declaracione

357 532 536 592 prefati
587 533 784 580 comitis
841 535 973 581 circa
1035 535 1223 581 dictam
1278 537 1674 596 conclusionem,

358 606 522 651 visum
563 617 636 652 est
673 607 908 653 omnibus
950 609 1257 655 unanimiter
1295 609 1537 669 prefatam
1573 626 1678 657 res-

359 679 657 739 ponsionem
685 692 732 727 et
758 682 1151 728 declarationem
1178 698 1280 728 non
1315 684 1523 742 salvare,
1552 700 1679 744 quo-

361 753 496 798 niam
528 753 720 812 prefata
747 755 1009 800 conclusio
1034 756 1094 801 de
1124 756 1306 803 virtute
1339 758 1583 802 sermonis
1618 758 1681 803 sit

362 842 572 873 erronea
591 840 638 874 et
664 829 879 874 heresim
915 830 1132 889 sapiens,
1154 845 1244 875 nec
1278 830 1391 875 talis
1419 832 1680 891 responsio

362 902 423 946 ad
449 902 765 961 propositum
789 903 1130 949 conclusionis
1154 903 1520 964 prenominate.

422 975 662 1022 Similiter
708 993 858 1037 super
891 989 1028 1024 sexta
1073 978 1399 1024 conclusione
1435 978 1683 1038 incipiens

366 1049 884 1107 (sic):Rc1tionabilius
911 1052 1126 1110 credere,
1156 1064 1269 1110 etc.7
1290 1052 1470 1112 prefati
1493 1052 1685 1098 domini

364 1125 588 1183 deputati
623 1124 674 1170 in
704 1127 967 1185 presencia
1000 1126 1177 1186 prefati
1215 1127 1407 1171 domini
1448 1127 1684 1172 commis-

366 1198 500 1256 sarii,
517 1210 632 1258 post
654 1201 948 1246 eorumdem
971 1215 1118 1260 super
1145 1200 1334 1246 eisdem
1357 1201 1685 1246 conclusione

366 1282 414 1317 et
440 1273 771 1332 responsione
799 1274 1220 1335 disputacionem‚
1250 1275 1607 1321 concluserunt
1636 1275 1688 1320 in

365 1345 457 1391 hec
483 1348 651 1406 verba,
685 1347 918 1394 videlicet
946 1363 956 1394 z
983 1349 1105 1394 Visa
1142 1348 1471 1409 responsione
1508 1348 1687 1409 prefati

366 1419 558 1465 domini
589 1421 834 1467 Johannis
871 1422 1086 1481 comitis,
1115 1423 1349 1469 dixerunt
1381 1423 1688 1469 unanimiter

364 1504 467 1539 tarn
536 1496 915 1542 conclusionem
983 1512 1132 1557 quam
1199 1497 1581 1557 responsionem
1641 1507 1689 1542 et

366 1567 765 1616 declaracionem
814 1585 922 1617 esse
962 1570 1272 1629 temerarias,
1302 1571 1599 1631 rejiciendas
1642 1582 1689 1617 et

367 1641 583 1689 heresim
624 1646 893 1705 sapientes,
933 1646 1051 1706 quia
1088 1657 1263 1693 contra
1301 1645 1688 1692 determinacio-

368 1730 483 1761 nem
510 1717 808 1764 universalis
837 1719 1080 1765 Ecclesie.

429 1790 576 1836 Circa
603 1793 865 1852 septimam
900 1794 1281 1840 conclusionem
1317 1794 1642 1854 incipientem
1677 1807 1688 1838 ε

368 1864 528 1911 Nulla
551 1874 623 1910 est
645 1867 856 1913 sciencia
879 1883 971 1930 que
1000 1882 1085 1914 nos
1111 1869 1273 1931 magis
1298 1867 1550 1930 certificet,
1575 1878 1689 1925 etc.‚

370 1938 422 1983 in
449 1938 639 1984 eisdem
664 1940 778 1987 loco
814 1953 860 1988 et
896 1942 1158 2002 presencia
1183 1942 1279 2003 ipsi
1314 1942 1504 1987 domini
1535 1943 1692 2002 depu-

369 2011 459 2058 tati
485 2012 537 2058 in
559 2013 687 2060 hanc
714 2017 1111 2076 conclusionem,
1138 2028 1254 2078 post
1275 2015 1693 2076 disceptationem

372 2100 522 2146 super
561 2102 618 2133 ea
654 2088 853 2148 factam,
886 2092 1195 2137 devenerunt
1230 2102 1276 2137 et
1315 2091 1690 2147 concluserunt,

373 2160 605 2208 videlicet
637 2177 646 2207 :
682 2164 978 2212 Examinata
1015 2165 1346 2226 responsione
1385 2176 1432 2210 et
1468 2163 1692 2209 declara-

372 2233 515 2279 cione
540 2236 718 2295 prefati
745 2239 936 2284 domini
967 2239 1182 2298 comnis,
1203 2238 1506 2285 unanimiter
1530 2237 1694 2282 visum

373 2318 448 2354 est
499 2312 716 2370 prefatas
761 2313 1145 2374 responsionem
1189 2324 1238 2360 et
1291 2311 1693 2359 declaracionem

375 2397 477 2429 non
496 2404 605 2437 esse
632 2391 694 2436 ad
714 2390 1034 2451 propositum
1058 2390 1328 2436 verborum
1353 2387 1543 2448 prefate
1570 2401 1691 2434 con-
