1906 2984
733 281 1002 324 -161—

214 421 362 466 quam
381 405 620 451 mittimus
640 405 761 451 alias
782 404 983 450 Domini
998 403 1294 450 Parisiensis
1320 403 1527 461 litteras,

219 480 402 540 quibus
430 495 580 540 super
608 478 797 524 eisdem
835 477 1018 523 libellis
1044 477 1106 522 ad
1140 491 1231 522 nos
1259 476 1528 536 rescripsit,

215 564 366 612 prout
394 553 444 598 in
486 553 606 612 ipsis
638 552 815 598 litteris
842 550 1031 597 videbit
1059 550 1304 596 Sanctitas
1329 552 1529 608 Vestra3

217 627 296 672 cui
342 626 748 687 significavimus,
777 636 831 670 ut
864 625 1070 670 eosdem
1096 623 1294 669 libellos
1323 626 1530 670 combu-

217 715 323 746 rere
351 701 548 756 debeat,
577 700 713 759 quod
755 714 856 743 non
900 697 1186 743 dubitamus
1233 696 1397 757 ipsum
1423 713 1530 744 esse

217 775 466 819 facturum
473 809 582 819 ......
610 774 831 830 Tui-one,
860 788 907 816 vi
933 771 1049 816 maii
1083 771 1218 829 1489.
1250 790 1269 814 »

315 869 433 909 Bibl.
464 868 726 916 Marciana,
764 868 842 907 lat.
877 868 962 918 IX,
998 868 1109 918 130,
1144 868 1225 909 fol.
1257 869 1328 910 66.
1363 868 1532 921 (Lettre

368 935 589 988 originale
619 947 697 974 sur
724 934 914 986 papier.)

855 1145 899 1189 6.

275 1305 317 1335 «.
424 1287 678 1342 Quoniam
705 1302 763 1333 ex
789 1287 865 1333 his
888 1301 984 1347 que
1006 1285 1254 1332 Sanctitas
1272 1288 1451 1332 Vestra
1470 1286 1533 1331 ad

215 1376 307 1407 nos
335 1361 550 1421 scripsit,
581 1372 628 1407 et
655 1376 713 1407 ex
735 1361 938 1407 Domini
957 1359 1296 1406 Tornacensis
1317 1361 1328 1380 ¹
1355 1359 1534 1406 litteris

272 1545 307 1572 1.
328 1532 438 1572 Jean
462 1532 722 1581 Monissart,
742 1531 1026 1583 majordome
1050 1530 1110 1570 du
1137 1527 1273 1570 Sacre
1307 1529 1456 1570 Palais
1492 1538 1535 1570 et

217 1596 389 1650 eveque
416 1599 470 1638 de
491 1598 712 1647 Tournai‚
736 1610 793 1638 ne
833 1605 915 1650 put
938 1597 1056 1649 jouir
1090 1597 1144 1637 de
1169 1611 1252 1639 son
1275 1599 1397 1652 siege
1425 1600 1536 1640 dont

217 1666 257 1705 le
287 1665 353 1704 roi
381 1665 435 1704 de
461 1665 634 1704 France
665 1664 785 1704 avait
811 1676 989 1716 pourvu
1016 1664 1157 1704 Louis
1187 1666 1285 1714 Pot,
1312 1678 1367 1705 en
1403 1675 1533 1706 vertu

217 1732 271 1771 de
298 1733 340 1771 la
374 1731 697 1784 Pragmatique
735 1731 967 1770 Sanction.
1007 1730 1118 1770 Voir
1144 1732 1396 1783 Bumhard,
1423 1733 1536 1773 Dia-

217 1798 348 1845 rium,
380 1805 409 1836 t.
436 1798 468 1846 I,
495 1811 536 1850 p.
556 1796 659 1849 416,
685 1806 791 1837 note
820 1810 854 1836 1.
883 1796 1076 1837 Charles
1094 1797 1195 1836 VIII
1223 1799 1343 1838 avait
1364 1799 1535 1852 envoye

218 1863 242 1903 a
265 1864 409 1903 Rome
436 1864 504 1903 fra
535 1865 804 1903 Baldassare
825 1876 941 1915 pour
966 1861 1179 1915 negocier
1209 1876 1314 1904 avec
1336 1864 1377 1904 le
1402 1877 1533 1917 pape.

218 1931 437 1970 Innocent
461 1930 562 1969 VIII
598 1931 813 1969 maintint
839 1942 909 1969 ses
940 1930 1222 1981 pretentions
1263 1938 1306 1970 et
1339 1943 1535 1984 renvoya

220 1997 286 2036 fra
328 1997 599 2035 Baldassare
642 2004 827 2049 porteur
861 1995 1217 2045 d'instructions,
1249 2009 1411 2036 encore
1435 1995 1534 2037 ine-

219 2065 350 2114 dites,
377 2064 455 2115 qui
482 2071 584 2102 sont
606 2060 872 2103 conservees
900 2062 924 2101 a
949 2063 992 2102 la
1018 2063 1134 2103 Bibl.
1161 2063 1424 2113 ᾹῙανείαηα,
1455 2065 1533 2104 lat.

218 2129 353 2179 XXI,
381 2137 462 2179 24,
490 2129 566 2169 fol.
588 2129 639 2168 55
667 2129 691 2168 a
721 2129 774 2182 57
790 2137 832 2169 v⁰
857 2128 981 2180 (sans
1003 2130 1138 2182 date).
1158 2130 1245 2170 Fra
1265 2131 1536 2171 Baldassare

219 2194 328 2236 etait
358 2196 413 2235 de
440 2203 594 2235 retour
617 2195 641 2235 a
672 2195 798 2235 Paris
821 2195 934 2236 dans
961 2196 1002 2236 le
1027 2204 1218 2236 courant
1247 2197 1308 2236 du
1334 2197 1451 2236 mois
1482 2198 1536 2236 de

220 2263 384 2303 fevrier
416 2262 550 2314 148&
579 2262 644 2301 les
665 2273 834 2302 nonces
854 2261 951 2301 font
972 2262 1171 2302 allusion
1192 2262 1218 2302 a
1244 2274 1316 2303 ces
1343 2263 1537 2303 instruc-

219 2331 339 2370 tions
374 2330 488 2369 dans
515 2329 614 2369 leur
639 2329 769 2368 lettre
808 2329 868 2368 du
915 2340 964 2382 19
990 2329 1050 2369 du
1082 2333 1234 2369 meme
1263 2330 1397 2370 mois.
1426 2330 1538 2370 Voir

217 2403 346 2436 notre
366 2396 566 2445 volume,
591 2394 927 2448 Djem-Sultan,
959 2407 1032 2448 pp.
1063 2393 1266 2447 182-183,
1291 2404 1336 2438 et
1363 2404 1468 2437 note
1499 2409 1534 2436 1.
