1906 2984
754 280 1024 324 ,171-

230 387 356 433 ainsi
382 389 563 436 devant
583 389 653 435 lui
676 389 848 436 faictes
873 404 934 435 ne
961 389 1001 435 si
1028 388 1143 435 bien
1168 389 1469 446 ordonnees‚
1497 399 1543 434 et

229 475 325 520 que
367 477 494 507 nous
534 473 714 509 tenons
753 477 956 509 encores
995 478 1056 509 en
1088 477 1255 522 usage.
1283 462 1433 508 Aussi
1457 462 1544 508 Al-

225 534 436 593 phonse,
476 537 584 596 Roy
628 537 714 582 des
743 536 982 582 Romains
1018 548 1065 583 et
1098 537 1375 597 d'Arragon
1401 547 1449 582 et
1484 536 1545 582 de

228 608 451 665 Castille‚
474 610 888 655 semblablement
918 612 1018 655 tres
1044 621 1301 667 vertueux,
1329 625 1390 655 en
1412 620 1545 656 ceste

228 681 423 727 science
486 698 546 728 ne
597 683 670 729 fut
714 699 801 743 pas
867 683 1159 743 petitement
1216 684 1392 741 fonde>
1460 683 1545 743 qui

227 754 418 801 d’icelle
452 772 691 817 composa
722 758 883 803 tables
914 768 961 803 et
1001 773 1189 803 canons
1223 759 1250 802 ὲ
1290 758 1545 817 tousjours

227 829 385 875 moult
408 831 676 889 justement
698 842 745 877 et
776 831 1109 890 precisement
1135 830 1418 889 calculle‘es‚
1446 834 1546 877 tres

226 901 392 948 utilles
427 915 473 950 et
505 905 842 950 convenables
885 907 911 949 ὲ
948 915 1063 950 tous
1102 905 1452 965 astrologiens.
1483 907 1546 951 Et

227 979 301 1025 s'il
321 989 393 1024 est
416 978 671 1036 doncques
688 992 783 1036 que
799 988 905 1023 tant
924 978 984 1023 de
1004 977 1043 1023 si
1062 979 1162 1023 tres
1182 979 1432 1024 excellans
1452 994 1546 1025 ern-

224 1067 430 1113 pereurs
450 1063 496 1097 et
516 1053 664 1111 RoyS,
686 1051 834 1097 fulciz
858 1062 905 1097 et
927 1051 1231 1097 environnez
1252 1053 1312 1098 de
1335 1052 1375 1097 si
1398 1068 1545 1113 grans

227 1137 274 1172 et
310 1124 540 1171 notables
579 1124 705 1170 clers
747 1135 796 1170 et
838 1124 878 1170 si
929 1123 1173 1184 profonds
1216 1140 1278 1170 en
1325 1126 1546 1172 diveises

225 1199 466 1255 sciences,
497 1214 528 1258 y
569 1208 716 1258 ayent
756 1213 822 1242 ou
863 1208 1065 1244 eussent
1112 1199 1267 1244 voulu
1305 1200 1547 1259 emploier

224 1277 332 1321 leur
356 1284 516 1331 temps
539 1282 587 1316 et
607 1271 790 1331 longue
814 1272 1007 1329 estude,
1029 1283 1077 1317 et
1100 1284 1427 1319 mesmement
1448 1289 1544 1334 que

225 1351 297 1395 les
331 1345 609 1392 dessusdits
643 1346 776 1405 Roys
815 1346 875 1390 de
911 1347 1101 1391 France
1151 1357 1198 1392 et
1238 1361 1542 1406 emperems,

226 1439 293 1469 ou
319 1433 479 1480 temps
505 1420 741 1479 desquelz
768 1430 856 1465 ont
888 1421 990 1465 este
1023 1421 1094 1466 les
1132 1436 1280 1481 grans
1307 1421 1463 1466 clercs
1497 1433 1546 1468 et

225 1497 354 1556 flory
395 1509 457 1539 en
498 1495 703 1550 France,
739 1493 983 1552 profonds
1009 1508 1071 1540 en
1110 1505 1277 1540 toutes
1319 1495 1543 1540 sciences

225 1571 340 1631 plus
367 1584 481 1615 sans
505 1567 857 1627 comparoison
884 1583 980 1627 que
1001 1569 1027 1613 ὲ
1045 1580 1262 1628 present,
1286 1583 1376 1628 par
1401 1583 1544 1629 espe-

228 1644 329 1690 cial
364 1645 390 1688 ὲ
427 1642 586 1698 Paris,
622 1653 824 1687 eussent
857 1642 1065 1688 souffert
1106 1657 1168 1687 en
1193 1643 1325 1699 eulx,
1363 1654 1546 1689 autour

229 1720 289 1764 de
325 1717 441 1763 eulx
470 1731 530 1762 ne
569 1731 630 1762 en
662 1716 771 1761 leur
805 1731 1043 1776 royaume
1086 1717 1173 1762 des
1203 1717 1305 1762 lors
1351 1718 1545 1777 appelle

226 1794 327 1837 tres
377 1790 607 1848 crestien,
650 1790 799 1835 livres
844 1805 904 1835 ne
942 1801 1081 1836 autre
1115 1791 1266 1836 chose
1313 1792 1397 1850 qui
1435 1803 1546 1837 eust

227 1866 329 1911 este
363 1864 765 1924 supersticieuse,
802 1864 1053 1909 mauvaise
1087 1880 1148 1910 ne
1176 1876 1347 1911 contre
1372 1866 1418 1911 la
1442 1866 1541 1925 foy,

224 1953 354 1997 pour
375 1938 590 1998 laquelle
625 1938 739 1983 eulx
765 1953 977 1983 mesmes
1012 1950 1100 1984 ont
1133 1939 1172 1984 si
1198 1941 1299 1984 tres
1333 1940 1543 2000 longue-

225 2023 361 2058 ment
397 2024 444 2058 et
486 2011 995 2058 chevallereusement
1038 2012 1212 2070 milite,
1248 2024 1295 2058 et
1327 2013 1544 2072 laquelle

224 2085 288 2130 ilz
337 2097 425 2131 ont
464 2086 722 2145 tousjours
775 2100 1018 2131 secourue
1061 2097 1108 2132 et
1149 2089 1468 2147 augmentee3
1510 2089 1544 2134 il

226 2162 349 2207 n'est
382 2177 470 2221 pas
509 2163 535 2206 ἐι
578 2176 854 2221 presumer,
878 2163 904 2206 ὲ
937 2161 1042 2207 dire
1075 2176 1136 2207 ne
1179 2164 1205 2207 ὲι
1238 2177 1418 2222 penset
1448 2179 1543 2223 que

227 2235 267 2279 si
304 2236 351 2281 la
397 2235 592 2281 science
627 2236 688 2281 de
730 2235 998 2295 astrologie
1039 2235 1128 2281 fait
1178 2238 1205 2281 ὲ
1240 2237 1383 2283 louer
1427 2249 1474 2283 et
1516 2240 1543 2283 ἐι

226 2309 606 2354 recommander
624 2323 685 2353 en
700 2319 807 2354 tant
819 2309 880 2354 de
902 2309 941 2353 si
959 2311 1060 2355 tres
1080 2309 1289 2355 vaillans
1314 2321 1360 2355 et
1382 2310 1542 2371 saiges

228 2397 514 2444 empereurs
552 2394 599 2429 et
634 2384 768 2443 Roys
810 2383 1108 2444 dessusdsts,
1132 2395 1180 2431 et
1213 2397 1542 2432 mesmement
