1906 2984
800 283 1068 328 —185—

269 405 317 450 la
347 405 561 451 seconde
585 406 743 466 partie
780 421 889 452 sera
915 406 1053 453 faitte
1081 409 1314 454 mencion
1339 410 1400 455 de
1427 420 1588 457 astro-

269 478 419 537 logie,
449 479 534 538 qui
557 494 608 525 se
634 479 848 526 divisera
875 496 935 526 en
962 481 1070 527 huit
1092 482 1293 542 parties.
1310 484 1385 528 En
1411 484 1457 529 la
1481 500 1589 544 pre-

269 552 422 597 miere
463 567 571 598 sera
604 553 676 599 dit
717 554 1189 614 superficiallement
1223 567 1270 602 et
1302 571 1363 602 en
1387 559 1588 616 general

271 640 366 684 que
401 626 519 673 c'est
555 628 642 673 des
676 627 964 684 influences,
997 640 1044 674 et
1077 632 1220 689 apres
1261 645 1356 690 que
1383 632 1501 678 c’est
1527 633 1587 678 de

271 700 559 760 astrologie,
580 716 665 746 sur
693 717 828 761 quoy
854 702 946 748 elle
974 713 1048 748 est
1072 703 1269 759 fondee,
1302 705 1446 764 quelz
1474 717 1588 753 sont

269 788 347 819 565
371 774 691 834 principalles
723 775 907 835 parties
938 786 984 822 et
1025 777 1112 822 des
1146 793 1353 838 moyens
1394 789 1442 824 et
1478 795 1582 825 ma-

270 847 432 893 nieres
455 849 515 893 de
540 849 780 908 proceder
805 864 866 894 en
892 850 1052 895 icelle.
1079 851 1155 895 En
1178 851 1224 896 13
1253 852 1404 898 tierce
1428 853 1586 912 partie

269 932 317 966 et
342 921 410 967 fin
448 922 507 967 de
541 933 674 968 ceste
708 937 856 968 euvre
895 938 1004 968 sera
1030 924 1101 969 dit
1126 924 1212 970 des
1239 940 1317 970 ars
1345 927 1586 986 supersti-

269 995 428 1040 cieux.
460 996 700 1055 Laquelle
740 997 1153 1044 semblablernent
1178 1013 1286 1043 sera
1311 999 1498 1046 divise'e
1525 1017 1587 1047 en

268 1080 427 1115 trente
454 1069 570 1129 cinq
608 1070 810 1130 parties.
841 1071 918 1115 En
944 1071 991 1116 13
1015 1072 1260 1130 premiere
1292 1074 1451 1132 partie
1478 1090 1587 1121 sera

269 1143 341 1188 dit
367 1158 462 1202 que
490 1143 607 1189 c'est
631 1144 691 1189 de
719 1154 794 1190 art
820 1145 1052 1204 magique
1080 1156 1126 1191 et
1152 1146 1213 1191 de
1237 1161 1314 1192 ses
1341 1162 1584 1207 espesses,

267 1216 519 1276 principes
542 1227 590 1262 et
611 1217 906 1263 fondemens
933 1229 981 1264 et
1003 1219 1090 1264 des
1111 1220 1466 1266 observacions
1490 1237 1586 1281 que

266 1291 375 1337 font
413 1291 485 1336 les
528 1291 798 1351 magiciens
835 1303 883 1338 et
916 1293 1002 1338 des
1041 1293 1234 1339 moiens
1268 1305 1315 1340 et
1340 1295 1586 1342 manieres

269 1364 498 1410 d'iceulx.
524 1366 585 1412 Et
610 1380 671 1411 en
698 1366 744 1411 13
768 1366 838 1412 fin
864 1367 1077 1413 d’iceulx
1103 1382 1212 1413 sera
1239 1369 1466 1428 adjouste
1489 1385 1585 1429 que

269 1439 388 1486 c'est
413 1440 473 1485 de
491 1440 599 1486 l’art
625 1441 821 1486 notoire
845 1442 904 1487 de
930 1441 1210 1488 ciromance
1230 1453 1277 1489 et
1295 1458 1584 1503 geomance,

270 1528 365 1574 que
384 1514 484 1560 l’on
511 1514 582 1561 dit
594 1530 672 1560 ars
695 1514 1037 1562 divinatoires.
1068 1519 1131 1563 Et
1146 1531 1588 1578 consequemment

270 1603 380 1635 sera
413 1589 546 1634 aussi
578 1590 762 1636 traittie
794 1591 854 1636 de
879 1591 989 1638 l'art
1023 1592 1084 1637 de
1111 1607 1314 1652 augure,
1339 1594 1585 1654 aruspice,

270 1663 489 1723 auspice,
506 1664 813 1721 ornirnance‚
835 1666 894 1711 de
914 1666 1107 1712 chacun
1129 1667 1270 1712 selon
1289 1682 1366 1713 ses
1380 1669 1584 1727 parties,

269 1737 381 1798 puis
405 1738 464 1782 de
483 1739 787 1797 ydromance
814 1749 861 1785 et
883 1740 944 1785 de
969 1751 1134 1786 toutes
1159 1756 1236 1787 ses
1263 1757 1504 1802 espesses,
1526 1744 1586 1788 de

267 1811 501 1871 prestige,
531 1812 590 1857 de
619 1828 798 1873 songes
822 1824 869 1859 et
884 1814 1092 1860 deleurs
1116 1817 1360 1862 manieres
1380 1817 1440 1862 de
1457 1817 1588 1863 devi-

269 1902 382 1944 ner3
404 1901 464 1931 en
487 1888 647 1946 apres,
669 1887 728 1932 de
750 1888 858 1933 l’art
877 1888 937 1933 de
958 1889 1267 1948 piromance,
1288 1891 1585 1950 aerimance,

268 1975 586 2019 armonance,
611 1962 983 2021 spatulamence
1009 1974 1056 2009 et
1077 1979 1302 2025 presage,
1330 1966 1390 2010 de
1420 1966 1586 2012 sortil-

268 2035 392 2094 lege,
422 2035 482 2079 de
509 2034 681 2080 ariolle
719 2047 765 2082 et
801 2037 861 2081 de
901 2047 1069 2083 toutes
1103 2038 1236 2084 leurs
1271 2054 1513 2099 espesses,
1541 2052 1588 2086 et

267 2108 594 2155 finablement
626 2110 686 2154 de
730 2110 951 2157 l’orrible
993 2123 1040 2158 et
1083 2114 1374 2158 excecrable
1412 2125 1486 2160 art
1525 2115 1586 2160 de

267 2184 604 2242 nigromance,
639 2185 795 2230 soubz
828 2186 994 2245 lequel
1035 2199 1149 2234 sont
1187 2188 1483 2248 incorporez
1520 2205 1585 2234 ou

266 2272 450 2303 anexez
481 2259 590 2305 l'art
623 2260 683 2304 de
717 2259 1016 2319 phitonisse,
1045 2262 1495 2321 d’enchantement,
1525 2264 1585 2309 de

264 2333 584 2392 fascination,
614 2334 674 2379 de
708 2333 1016 2394 invisibilite,
1042 2336 1102 2382 de
1135 2336 1350 2397 ligacion
1387 2349 1434 2384 et
1469 2338 1584 2383 illu-

265 2408 393 2465 sion,
428 2407 513 2467 qui
549 2418 663 2454 sont
695 2419 810 2455 tous
833 2424 910 2455 ars
937 2410 1303 2470 supersticieux
1324 2421 1372 2457 et
1398 2411 1584 2457 divina-
