1906 2984
748 320 1019 365 —115—

226 446 395 492 dalum
421 445 658 507 generare
684 446 988 507 potuissent:
1019 447 1150 494 Hinc
1173 448 1421 509 siquidem
1446 450 1539 497 fuit

230 520 331 579 (sic)
362 520 703 566 sanctissimus
736 520 787 566 in
828 520 1028 566 Christo
1055 532 1195 581 pater
1221 533 1268 568 et
1304 524 1536 570 dominus

227 605 415 652 noster,
436 594 669 640 dominus
698 594 1020 640 Innocentius
1039 595 1206 641 divina
1223 597 1537 655 providentia

227 683 355 728 papa
373 669 508 725 VIII,
545 669 607 713 ad
640 669 782 727 cujus
816 668 1055 714 noticiam
1086 669 1147 714 he
1185 670 1535 717 conclusiones

227 752 274 787 et
302 743 631 801 quarumdam
666 742 881 800 illarum,
910 754 964 788 ut
989 743 1307 802 premittitur,
1335 744 1536 790 intolle-

227 816 408 861 rabiles
435 831 628 861 errores
650 817 1013 874 de[ve]nerunt,
1040 817 1214 862 volens
1232 828 1367 864 tante
1386 819 1456 863 rei
1475 820 1535 866 de

225 899 475 948 oportuno
502 890 722 934 remedio
747 890 1026 948 providere,
1054 905 1115 935 ne
1141 891 1387 937 catholica
1411 892 1535 939 fides

223 962 273 1008 in
299 963 393 1007 hiis
420 962 471 1007 in
496 962 753 1022 publicum
780 963 1094 1022 disputandis
1121 963 1287 1023 aliqua
1313 980 1371 1010 ex
1396 977 1535 1025 parte

224 1036 575 1094 macularetur,
615 1046 663 1082 et
702 1037 993 1081 scandalum
1033 1036 1083 1081 in
1121 1038 1294 1083 eadem
1324 1040 1534 1085 sanctis-

224 1109 347 1155 sima
374 1110 470 1155 fide
505 1109 797 1168 exoriretur,
819 1110 928 1155 illas
955 1112 1227 1156 reverendo
1255 1112 1305 1157 in
1332 1113 1534 1159 Christo

220 1183 348 1243 patri
375 1183 580 1228 domino
597 1183 832 1241 Johanni,
854 1183 945 1229 Dei
964 1183 1130 1244 gracia
1149 1185 1386 1245 episcopo
1404 1188 1532 1232 Tor-

222 1256 438 1311 nacensi,
469 1257 520 1301 in
563 1258 786 1302 Romana
826 1257 964 1303 curia
1000 1258 1254 1317 residenti,
1290 1261 1350 1305 de
1390 1262 1532 1321 cujus

221 1329 562 1389 providencia,
606 1330 822 1376 sciencia
855 1341 902 1377 et
938 1332 1168 1377 doctrina
1200 1333 1440 1380 hactenus
1480 1335 1532 1380 in

219 1403 388 1448 multis
429 1403 561 1448 idem
600 1404 956 1451 sanctissimus
996 1406 1056 1450 ab
1099 1409 1302 1466 experto
1343 1423 1531 1468 cogno-

217 1487 371 1535 verat,
406 1477 596 1523 vocatis
638 1493 694 1523 ac
728 1479 982 1525 accersitis
1023 1495 1192 1526 secum
1229 1481 1531 1541 quibusdam

217 1551 503 1596 reverendis
523 1551 574 1596 in
596 1552 796 1599 Christo
815 1553 1040 1613 patribus
1060 1565 1107 1601 et
1127 1555 1344 1601 d0minis
1364 1557 1531 1602 catho-

215 1624 308 1670 lice
335 1624 452 1670 fidei
478 1625 727 1685 episcopis
762 1638 808 1672 et
833 1642 970 1673 sacre
1000 1628 1253 1689 theologie
1277 1630 1529 1690 professo-

217 1698 354 1744 ribus
394 1699 456 1744 ad
490 1699 540 1744 id
571 1714 659 1759 per
694 1701 1022 1747 Sanctitatem
1051 1705 1203 1748 'suam
1246 1705 1529 1764 specialiter

217 1772 485 1832 deputatiS,
513 1784 778 1833 antequam
817 1776 879 1820 ad
904 1775 1100 1821 illarum
1128 1777 1529 1837 disputacionem

214 1846 265 1891 in
305 1846 564 1906 publicum
614 1848 998 1910 deducerentur,
1026 1851 1332 1909 revisenda8‚
1360 1853 1527 1899 discu-

214 1920 416 1965 ciendas
460 1931 506 1965 et
551 1922 906 1969 examinandas
955 1925 1228 1981 commisit,
1281 1938 1430 1986 prout
1476 1927 1527 1973 in

211 1995 387 2040 litteris
416 1995 705 2053 apostolicis
728 1996 779 2042 in
800 1997 959 2043 forma
984 1999 1149 2045 brevis
1175 2000 1324 2047 latius
1364 2001 1525 2047 conti-

213 2079 357 2113 netur
377 2078 422 2114 et
448 2082 659 2128 quarum
678 2069 953 2118 litterarum
972 2083 1116 2120 tenor
1134 2075 1359 2135 sequitur
1379 2085 1427 2121 et
1452 2086 1526 2121 est

211 2142 323 2188 talis
347 2157 356 2188 :

269 2458 288 2481 (ι
324 2440 637 2487 Venerabilis
670 2442 838 2501 frater,
870 2443 1081 2491 salutem
1115 2455 1163 2492 et
1195 2446 1520 2506 apostolicam
