1906 2984
730 374 783 378 -
823 348 904 406 137
936 375 991 380 .„.

406 496 723 540 DECLARACIO
766 512 951 548 QUINTE
993 512 1345 544 CONCLUSIONIS

465 584 560 612 PER
594 583 826 615 DOMINUM
867 585 1091 616 COMITEM
1138 587 1304 617 FACTA.

276 663 447 726 Afagis
482 665 752 726 improprie
782 666 978 725 dicitur,
1003 677 1092 713 etc.
1120 694 1178 700 -—
1205 685 1224 710 «
1254 668 1526 713 Conclusio

218 736 446 782 innititur
491 739 642 783 modo
693 739 931 798 loquendi
977 740 1223 800 Dyonisii‚
1266 741 1351 800 qui
1408 741 1528 787 dicit

218 812 355 870 quod
397 811 455 856 de
497 813 602 858 Deo
649 828 750 857 non
783 814 930 859 debet
969 814 1067 859 dici
1106 815 1241 873 quod
1283 815 1345 860 sit
1380 815 1526 861 intel-

216 885 373 931 lectus
422 902 582 946 neque
627 887 957 946 intelligibile,
995 898 1041 932 et
1086 888 1285 933 similia.
1334 889 1525 934 Eodem

218 976 417 1021 quoque
443 961 593 1006 modo
621 960 930 1020 accipiantur
965 962 1117 1006 verba
1157 976 1282 1019 mea,
1312 977 1411 1021 quo
1445 977 1526 1008 ac-

217 1035 468 1096 cipiuntur
492 1035 642 1081 verba
677 1034 920 1094 Dyonisii.
950 1052 970 1076 »

298 1141 679 1184 DETERMINACIO
716 1152 1017 1184 DOMINORUM
1058 1153 1446 1185 DEPUTATORUM.

276 1241 547 1288 Conclusio
573 1241 667 1288 ista
693 1251 766 1287 est
795 1240 918 1287 falsa
944 1252 991 1287 et
1016 1244 1079 1288 ad
1110 1243 1386 1290 hereticum
1412 1259 1525 1289 sen-

215 1331 324 1362 sum
386 1315 641 1362 transferri
694 1325 876 1375 potest,
930 1330 1092 1376 neque
1140 1317 1380 1365 satisfacit
1437 1332 1525 1362 sua

214 1389 500 1436 declaratiO.

214 1495 532 1538 DECLARACIO
570 1508 722 1539 SEXTE
755 1508 1108 1543 CONCLUSIONIS
1134 1513 1229 1543 PER
1260 1514 1523 1548 PREFATUM

620 1582 852 1614 DOMINUM
871 1584 1112 1616 COMITEM.

268 1670 442 1716 Nichil
468 1669 705 1732 intelligit
728 1679 856 1728 actu,
884 1681 975 1716 etc.
996 1697 1051 1704 —-
1075 1690 1093 1714 «
1121 1673 1327 1733 Loquor
1350 1677 1409 1721 de
1434 1676 1521 1722 illo

212 1755 322 1790 actu
350 1743 679 1802 intelligendi,
720 1744 802 1803 qui
852 1744 1033 1791 dicitur
1074 1746 1350 1808 intelligere
1387 1751 1523 1796 abdi-

209 1829 331 1875 tum,
360 1819 500 1877 cujus
534 1829 776 1864 memorat
800 1818 1048 1864 Henricus
1079 1835 1214 1865 nono
1230 1823 1520 1884 Quodlibet,

211 1904 257 1938 et
281 1891 591 1952 Augustinus
619 1906 733 1951 sepe
757 1891 807 1936 in
834 1892 962 1938 libro
991 1896 1051 1939 de
1076 1895 1336 1942 Trinitate.
1381 1916 1401 1940 »

297 1997 681 2040 DETERMINACIO
715 2010 1016 2042 DOMINORUM
1042 2013 1428 2047 DEPUTATORUM.

268 2097 539 2142 Conclusio
563 2107 636 2142 est
659 2097 781 2143 falsa
807 2109 854 2144 et
886 2114 987 2145 non
1010 2111 1084 2147 est
1115 2103 1176 2148 ad
1209 2102 1518 2151 intellectum

207 2172 470 2218 doctorum
498 2187 622 2230 quos
646 2171 696 2216 in
724 2174 1052 2232 responsione
1079 2176 1297 2222 adducit.

266 2313 375 2367 Que
415 2311 583 2357 omnia
609 2322 656 2358 et
687 2312 884 2371 similia,
920 2315 1047 2361 sicut
1076 2317 1395 2375 premittitur,
1431 2334 1518 2378 per

206 2399 282 2430 me
310 2386 559 2430 notarium
582 2386 840 2445 publicum
863 2387 1234 2450 infrascriptum
1259 2392 1442 2451 scripta
1469 2405 1516 2438 et

207 2459 473 2519 adnonata,
499 2474 587 2520 per
603 2460 822 2520 prefatos
845 2465 1145 2511 reverendos
1171 2477 1334 2526 patres
1360 2466 1518 2513 domi-

1281 2571 1302 2606 8
1315 2577 1318 2580 ⁴
