1906 2984
885 314 1154 358 -194-

355 441 504 487 opere
553 425 744 486 aliquid
788 425 936 485 digne
982 424 1403 484 laudabiliterque
1455 440 1483 469 a
1526 425 1673 470 nobis

355 500 594 560 scriptum
621 500 699 558 sit,
729 499 807 544 Illi
842 499 936 545 soli
968 499 1077 544 laus
1118 509 1165 544 et
1199 499 1374 559 gloria,
1402 513 1490 559 per
1525 514 1673 558 quem

354 574 544 619 mundo
586 574 701 619 data
749 584 824 619 est
868 573 1026 633 gratia
1070 584 1118 619 et
1159 573 1342 619 veritas
1393 572 1671 633 patefacta3

353 648 490 708 quod
514 647 553 693 si
581 662 724 694 secus
751 648 878 693 forte
905 647 1070 705 fuerit,
1099 647 1401 693 attribuatur
1427 646 1673 706 imperitie

352 737 459 768 mee
487 733 535 768 et
560 738 664 768 non
690 722 887 769 malicie
909 738 919 769 ε
945 722 1165 769 studium
1187 722 1322 767 enim
1347 735 1514 767 meum
1530 721 1676 766 Pari-

350 800 453 845 sius
479 810 527 844 et
554 800 711 844 Rome
745 808 792 844 et
826 797 1015 856 ubique
1049 811 1246 856 semper
1281 796 1376 842 fuit
1414 794 1674 841 veritatem

353 873 624 933 inquirere.
651 873 750 918 Sed
793 871 910 932 quia
951 872 1102 916 homo
1151 886 1278 929 sum,
1327 885 1430 916 non
1477 870 1672 928 dubito,

354 948 455 994 imo
482 946 740 993 verissime
766 961 1022 1007 presumo,
1051 946 1187 1005 quod
1212 945 1263 990 in
1294 944 1673 992 determinatio-

354 1022 503 1068 nibus
530 1021 716 1068 nostris
749 1021 908 1067 multa
936 1021 1145 1068 forsitan
1176 1031 1416 1082 poterunt
1443 1019 1673 1078 inveniri,

353 1111 450 1158 que
486 1095 674 1142 saniori
714 1095 903 1155 judicio
938 1105 1154 1156 possunt
1185 1096 1292 1155 jure
1319 1088 1502 1156 corrigi
1536 1105 1583 1141 et
1622 1095 1675 1140 in

352 1171 532 1218 melius
559 1170 876 1230 commutari,
905 1171 1042 1231 quod
1077 1181 1196 1231 opto
1238 1182 1286 1218 et
1321 1171 1428 1217 fieri
1463 1186 1553 1217 oro
1586 1185 1674 1230 per

354 1411 558 1464 [Joannis
598 1410 692 1451 Pici
734 1411 902 1463 patrui]
945 1411 1219 1464 Apologiam
1265 1423 1289 1450 a
1335 1410 1456 1451 Petri
1501 1410 1673 1451 Garsiae

351 1478 597 1520 calumniis
642 1477 1027 1519 vindicavimus...
1071 1492 1090 1516 »
1128 1477 1182 1518 Et
1232 1478 1336 1530 plus
1388 1478 1483 1518 loin
1529 1476 1673 1529 (ibid.,

352 1560 426 1600 pp.
459 1543 671 1601 879-880)
700 1557 708 1584 :
737 1558 756 1583 «
794 1544 843 1583 In
869 1543 1125 1597 Theologia
1160 1555 1268 1583 vero
1298 1543 1445 1596 magis
1484 1555 1600 1596 pura
1632 1551 1675 1583 et

351 1613 542 1666 antiqua
584 1611 747 1665 magis,
779 1611 1099 1651 annotationes
1136 1611 1260 1663 [sunt
1298 1610 1428 1662 meae]
1470 1610 1517 1649 in
1546 1622 1674 1650 sacra

351 1680 551 1733 eloquia.
602 1679 653 1719 In
698 1690 751 1718 ea
789 1690 896 1718 vero
939 1689 1040 1730 quae
1083 1677 1206 1730 apud
1248 1677 1450 1718 Parisios
1491 1677 1671 1726 colitur,

352 1746 558 1788 defensio
596 1744 832 1799 Apologiae
873 1744 1063 1785 ,loannis
1102 1744 1195 1784 Pici
1242 1744 1410 1797 patrui,
1457 1744 1674 1784 adversus

351 1814 470 1855 Petri
493 1813 666 1854 Garsiae
696 1811 973 1853 calumnias.
1019 1827 1036 1846 »
1069 1811 1197 1852 Cette
1229 1809 1415 1851 de'fense
1449 1811 1505 1850 de
1531 1811 1675 1864 l'Apo-

351 1881 471 1935 logie
505 1882 654 1934 parait
683 1880 881 1933 perdue3
919 1879 1036 1919 mais
1073 1879 1117 1918 la
1156 1878 1421 1919 distinction
1448 1877 1555 1919 faite
1591 1890 1674 1931 par

351 1947 724 1998 Gianfrancesco,
751 1958 808 1987 en
825 1958 916 1987 une
938 1946 1044 1986 telle
1069 1945 1297 1996 occasion,
1322 1952 1449 1986 entre
1467 1945 1533 1986 les
1556 1945 1674 1986 deux

351 2014 622 2069 theologies,
645 2014 757 2055 celle
776 2014 831 2054 de
851 2014 997 2053 Rome
1024 2020 1066 2053 et
1083 2012 1197 2053 celle
1223 2013 1277 2052 de
1303 2010 1593 2054 l'Universite
1618 2014 1673 2054 de

352 2084 492 2132 Paris,
521 2091 589 2122 est
621 2082 727 2122 bien
765 2080 1152 2133 caracteristique.
1185 2079 1283 2120 Elle
1318 2088 1497 2120 montre
1520 2092 1608 2133 que
1629 2081 1673 2120 la

352 2150 584 2203 theologie
610 2149 889 2202 parisienne,
917 2149 996 2201 qui
1035 2147 1155 2188 avait
1180 2147 1337 2188 exerce
1368 2161 1458 2188 une
1493 2149 1529 2188 si
1558 2149 1672 2188 forte

351 2219 577 2259 influence
607 2230 686 2258 sur
726 2217 901 2270 l’esprit
935 2217 991 2257 de
1016 2216 1258 2268 Giovanni‚
1285 2216 1452 2255 n'avait
1484 2228 1565 2268 pas
1592 2215 1673 2255 fait

350 2284 475 2327 ecole
501 2298 556 2326 en
580 2285 725 2337 Italie,
745 2297 826 2338 pas
852 2289 1003 2325 meme
1029 2283 1195 2337 aupres
1225 2284 1279 2324 de
1298 2282 1670 2334 Gianfrancesco,

349 2357 681 2394 extremement
717 2352 935 2394 soucieux
980 2351 1035 2392 de
1073 2351 1116 2391 la
1153 2350 1297 2404 gloire
1326 2351 1381 2390 de
1415 2362 1497 2390 son
1522 2351 1668 2398 oncle,

350 2420 468 2460 mais
509 2420 632 2460 aussi
676 2427 775 2461 tout
817 2415 1055 2472 impregne'
1101 2418 1156 2459 de
1197 2417 1574 2470 l'enseignement
1615 2417 1670 2457 de

349 2486 641 2526 Savonarole.
