1906 2984
659 337 928 381 -123—

137 457 265 503 ultra
291 460 540 518 quesitum
560 473 633 508 est
657 477 744 522 per
765 462 901 522 ipsos
928 461 1157 507 dominos
1185 462 1448 520 deputatos

138 532 198 575 ab
223 531 332 591 ipso
360 534 565 581 domino
594 536 821 582 Johanne
848 536 1046 593 comite,
1075 546 1243 581 utrum
1269 534 1450 594 aliquis

138 605 223 664 qui
274 609 497 667 peccavit
542 620 736 655 tanturn
787 625 874 670 per
921 621 1116 669 tempus
1166 609 1364 654 finitum
1404 619 1452 654 et

138 681 379 727 moriatur
431 683 745 743 impenitens,
804 684 1039 743 puniatur
1097 684 1148 728 in
1206 694 1448 729 eternum.

139 756 415 816 Respondit
440 757 572 802 idem
594 758 828 803 dominus
846 758 1100 803 Johannes
1120 771 1288 802 comes
1316 757 1452 816 quod

138 829 231 887 sic;
259 831 345 875 sed
379 831 501 877 dixit
537 831 653 890 quia
698 847 799 876 non
837 831 1042 890 punitur
1078 845 1168 890 pro
1210 830 1297 875 illo
1340 841 1452 876 actu

140 905 476 961 solummodo,
541 905 628 949 sed
684 920 775 964 pro
831 904 1040 949 infinitis
1096 903 1287 949 actibus
1343 904 1453 949 aliis

139 978 300 1036 malis,
316 989 362 1023 et
376 978 503 1023 hanc
523 977 830 1036 opinionem,
847 988 901 1023 ut
919 976 1041 1022 dixit
1058 976 1109 1020 in
1129 976 1454 1022 conclusione

140 1064 187 1098 et
232 1067 363 1097 nunc
408 1051 543 1108 dicit,
586 1066 687 1096 non
725 1066 832 1096 esse
873 1051 1211 1107 asserendam,
1241 1050 1357 1109 quia
1384 1061 1457 1097 est

142 1137 316 1172 contra
341 1140 659 1171 communem
682 1126 889 1170 modum
915 1124 1113 1170 dicendi
1139 1134 1454 1182 sanctorum3

145 1201 277 1245 «sed
311 1201 436 1245 bene
472 1199 584 1245 dico
626 1199 786 1258 ipsam
818 1198 1146 1258 probabiliter
1180 1212 1328 1257 posse
1370 1198 1456 1242 de—

142 1273 294 1320 fendi.
326 1292 346 1316 »
377 1275 499 1318 Item
526 1272 682 1318 eciam
715 1272 843 1318 ultra
881 1271 1125 1332 premissa
1166 1271 1286 1317 dicit
1322 1271 1459 1330 quod

145 1347 355 1407 quilibet
392 1347 638 1392 decedens
675 1345 726 1390 in
763 1356 968 1405 peccato
999 1345 1215 1403 mortali,
1241 1359 1300 1390 ex
1320 1355 1457 1391 reatu

144 1421 278 1466 illius
306 1420 498 1481 peccati
520 1420 744 1466 mortalis
771 1420 886 1465 ideo
913 1419 1119 1480 punitur
1137 1419 1188 1464 in
1214 1429 1456 1476 eternum,

146 1496 261 1556 quia
284 1510 342 1540 ex
367 1495 462 1540 hoc
490 1494 626 1554 quod
651 1494 848 1540 decedit
879 1493 931 1539 in
960 1494 1047 1539 illo
1074 1503 1231 1551 reatu,
1255 1492 1459 1553 ponitur

144 1570 195 1615 in
218 1569 304 1616 tali
333 1580 478 1626 statu,
508 1568 559 1613 in
585 1583 685 1627 quo
716 1567 1042 1615 necessitatur
1068 1568 1129 1613 ad
1149 1567 1460 1628 peccandum

146 1641 403 1689 actualiter
429 1641 480 1686 in
507 1652 748 1687 eternum.

364 1763 558 1807 TERTIA
593 1777 866 1809 CONCLUSIO
894 1776 1235 1808 DECLARANDA.

211 1884 231 1909 «
261 1868 366 1912 Nec
389 1881 509 1912 crux
535 1865 722 1911 Christi
754 1880 845 1910 nec
873 1864 976 1910 ulla
1000 1879 1179 1925 ymago
1207 1863 1464 1911 adoranda

154 1951 227 1986 est
249 1940 541 1986 adoratione
567 1939 727 1998 latrie,
756 1938 914 1985 eciam
936 1954 993 1984 eo
1027 1938 1178 1984 modo
1200 1953 1299 1997 quo
1321 1936 1464 1997 ponit

149 2015 387 2059 Thomas.
415 2031 434 2056 »

208 2088 286 2133 Ad
334 2089 473 2147 cujus
522 2087 920 2133 declaracionem
963 2086 1183 2147 prefatus
1228 2085 1463 2132 dominus

151 2162 405 2208 Johannes
450 2177 617 2207 comes
656 2161 778 2207 dixit
822 2176 934 2206 eum
984 2160 1124 2220 sequi
1173 2159 1465 2220 opinionem

155 2236 360 2281 Henrici
395 2247 442 2282 et
472 2236 727 2293 VartoniS,
764 2235 847 2295 qui
882 2235 1054 2281 dicunt
1077 2235 1213 2294 quod
1245 2233 1463 2294 ymagini

155 2310 392 2357 Crucifixi
420 2325 519 2356 non
541 2311 750 2357 debetur
775 2309 870 2355 nisi
890 2309 1117 2356 adoratio
1141 2307 1402 2369 iperdulie.
