1906 2984
925 312 1159 355 ,42-

443 426 487 476 Il
507 426 710 476 semble
730 423 1006 475 d'ailleurs
1028 440 1131 491 que
1155 440 1212 474 ce
1237 423 1469 491 premier
1487 438 1693 490 voyage

373 508 402 557 a
427 507 597 567 PariS‚
626 506 766 557 ainsi
793 522 897 573 que
919 506 968 555 le
993 505 1226 567 suivant,
1259 504 1330 555 ait
1356 504 1533 569 laisse',
1559 505 1693 554 dans

376 588 582 656 l'esprit
608 589 672 638 de
707 587 801 638 Pie
827 604 902 638 un
930 586 1132 637 certain
1171 586 1461 636 sentiment
1487 586 1551 636 de
1579 589 1694 635 me'-

371 670 622 721 lancolie.
657 670 801 721 C’est
826 670 855 719 a
892 668 1049 736 peine
1077 668 1159 718 s'il
1188 668 1282 718 fait
1310 667 1548 718 allusion
1587 683 1692 717 une

373 769 445 802 ou
487 752 628 802 deux
655 751 758 801 fois
794 752 823 801 a
861 768 918 802 ce
946 750 1144 817 sejour.
1177 750 1253 800 La
1278 749 1541 817 premiere
1569 747 1692 810 fois,

372 833 410 883 il
438 846 691 901 rapporte
729 834 864 884 dans
899 849 999 883 son
1035 831 1306 899 Apologie
1348 852 1374 882 «
1401 832 1640 898 qu'etant
1666 833 1695 883 ὲ

375 916 545 980 PariS,
570 932 801 984 presque
824 928 974 966 toute
995 913 1350 966 l’Universite
1372 913 1537 965 tenait
1555 930 1697 981 pour

372 1139 544 1184 reddita
567 1154 623 1182 en
660 1141 784 1195 1524,
809 1143 834 1183 a
865 1142 1007 1191 Paris,
1030 1142 1159 1183 Josse
1183 1141 1320 1190 Bade‚
1348 1152 1456 1181 sous
1492 1152 1542 1181 ce
1565 1140 1691 1180 titre:

371 1224 391 1247 «
415 1209 599 1250 Ioannis
626 1209 731 1250 Pici
768 1209 1117 1250 Car-tlzusianam
1142 1208 1408 1260 religionem
1425 1207 1625 1260 professi
1647 1207 1691 1247 in

369 1277 497 1318 domo
525 1277 831 1318 Vallisviridis
858 1276 919 1318 ad
942 1288 1093 1317 muros
1111 1275 1414 1325 Parisiorum,
1436 1274 1480 1314 in
1504 1273 1693 1314 Cantica

375 1343 665 1385 Canticorum
687 1344 743 1384 de
777 1344 957 1386 Christo
980 1357 1034 1386 ac
1057 1343 1313 1385 beatissima
1340 1342 1435 1383 eius
1455 1346 1614 1393 matre,
1639 1354 1694 1382 ac

370 1411 563 1464 virgine,
579 1417 817 1465 perpetua,
845 1412 927 1466 pia
952 1416 997 1452 et
1017 1410 1228 1451 continua
1251 1409 1475 1463 expositio
1501 1422 1537 1459 »‚
1563 1408 1689 1449 in-80.

371 1479 496 1520 Dans
524 1492 572 1519 sa
595 1477 808 1520 dedicace
831 1478 856 1518 a
875 1478 1141 1519 Guillaume
1161 1492 1180 1516 «
1194 1476 1488 1527 Bibaueius»‚
1507 1473 1691 1530 general

372 1547 426 1588 de
467 1547 645 1588 l’Ordre
682 1547 759 1587 des
789 1546 1061 1595 Chartreux‚
1101 1545 1223 1585 Bade
1251 1543 1492 1597 s’exprime
1527 1543 1643 1584 ainsi
1680 1557 1688 1584 :

371 1630 391 1655 «
413 1614 646 1656 Johannes
667 1614 818 1663 Picus,
844 1625 937 1653 non
974 1613 1325 1653 Mirandulanus
1368 1610 1558 1664 quidem
1598 1610 1689 1661 ille,

371 1692 525 1723 tamen
559 1682 596 1722 si
632 1681 687 1721 ad
728 1680 899 1735 ingenii
941 1680 1137 1730 divitias,
1175 1679 1479 1732 benignaeque
1517 1686 1691 1720 naturae

371 1751 499 1791 dotes
517 1757 560 1790 et
589 1761 690 1789 rara
707 1748 966 1789 studiorum
993 1747 1183 1800 praemia
1206 1755 1397 1800 spectes,
1420 1758 1529 1787 sane
1551 1759 1692 1799 quam

369 1816 656 1857 mirandus...
677 1829 695 1853 »
718 1814 893 1855 L'hotel
922 1815 976 1854 de
998 1814 1197 1855 Vauvert
1223 1813 1508 1867 appartenait
1529 1813 1554 1853 ὲ
1573 1813 1693 1853 saint

370 1884 510 1924 Louis
551 1882 630 1935 qui
671 1894 727 1922 en
765 1881 815 1921 fit
852 1882 959 1931 don,
985 1894 1043 1921 au
1078 1881 1197 1921 mois
1226 1881 1280 1920 de
1314 1880 1406 1920 mai
1453 1879 1576 1930 1252,
1604 1891 1692 1920 aux

371 1950 627 1991 Chartreux
661 1949 716 1989 de
750 1948 951 2001 Gentilly
977 1948 1064 1999 (Du
1107 1948 1260 1997 Breul‚
1294 1947 1358 1987 Le
1403 1940 1578 1987 tlze'dtre
1614 1946 1691 1986 des

368 2016 617 2069 antiquitez
641 2014 696 2055 de
717 2015 872 2065 Paris,
904 2027 947 2066 p.
973 2013 1092 2066 485).
1125 2014 1371 2055 Consulter
1399 2014 1440 2053 le
1463 2025 1547 2054 ms.
1582 2011 1690 2053 1168

369 2084 424 2123 de
450 2084 493 2123 la
514 2082 625 2122 bibl.
650 2082 703 2121 de
729 2081 950 2121 l'Arsenal
975 2094 983 2120 ε
1013 2080 1287 2121 Clzartreuse
1312 2079 1366 2121 de
1381 2079 1692 2121 Notre-Dame

368 2151 423 2191 de
455 2148 907 2190 Vauvert-Ies-Paris.
930 2148 994 2188 Sa
1008 2148 1253 2200 fondation
1272 2160 1362 2200 par
1393 2147 1516 2188 saint
1536 2147 1687 2188 Louis.

369 2217 404 2257 Il
427 2230 456 2270 y
481 2224 557 2257 eut
594 2216 697 2268 plus
726 2215 826 2255 tard
852 2227 915 2256 un
937 2214 1049 2254 Jean
1075 2215 1167 2262 Pie,
1205 2214 1446 2255 canonicus
1470 2213 1691 2255 Ecclesioe

361 2282 632 2337 parisiensis
676 2287 720 2322 et
761 2282 970 2322 classium
1011 2281 1403 2334 inquisitoriarum
1447 2280 1490 2320 in
1531 2285 1689 2320 senatu

363 2362 550 2404 praeses.
575 2349 686 2389 Voir
719 2361 768 2389 sa
809 2346 1022 2389 de'dicace
1060 2360 1117 2388 au
1146 2348 1353 2388 cardinal
1389 2348 1444 2388 de
1472 2347 1688 2387 Bourbon

369 2418 448 2458 des
499 2415 821 2457 Commentarii
865 2414 1135 2456 leeodoreti
1189 2413 1399 2468 episcopi,
1450 2410 1578 2454 datee
1634 2414 1689 2454 de

371 2481 546 2524 l'annee
577 2481 702 2534 1564.
