<?xml version="1.0" encoding="UTF-8"?>
<!DOCTYPE html PUBLIC "-//W3C//DTD XHTML 1.0 Transitional//EN"
    "http://www.w3.org/TR/xhtml1/DTD/xhtml1-transitional.dtd">
<html xmlns="http://www.w3.org/1999/xhtml" xml:lang="en" lang="en">
 <head>
  <title>
</title>
<meta http-equiv="Content-Type" content="text/html;charset=utf-8" />
  <meta name='ocr-system' content='tesseract 3.04.00' />
  <meta name='ocr-capabilities' content='ocr_page ocr_carea ocr_par ocr_line ocrx_word'/>
</head>
<body>
  <div class='ocr_page' id='page_1' title='image "./picdelamirandole00dore_0163.png"; bbox 0 0 1906 2984; ppageno 0'>
   <div class='ocr_carea' id='block_1_1' title="bbox 761 301 1031 344">
    <p class='ocr_par' dir='ltr' id='par_1_1' title="bbox 761 301 1031 344">
     <span class='ocr_line' id='line_1_1' title="bbox 761 301 1031 344; baseline 0 0"><span class='ocrx_word' id='word_1_1' title='bbox 761 301 1031 344; x_wconf 83' lang='lat'>—155—</span> 
     </span>
    </p>
   </div>
   <div class='ocr_carea' id='block_1_2' title="bbox 228 420 1559 2479">
    <p class='ocr_par' dir='ltr' id='par_1_2' title="bbox 228 420 1559 2479">
     <span class='ocr_line' id='line_1_2' title="bbox 242 420 1559 487; baseline 0.007 -22"><span class='ocrx_word' id='word_1_2' title='bbox 242 420 400 479; x_wconf 89' lang='lat' dir='ltr'>ipsius</span> <span class='ocrx_word' id='word_1_3' title='bbox 430 422 626 468; x_wconf 91' lang='lat' dir='ltr'>comitis</span> <span class='ocrx_word' id='word_1_4' title='bbox 651 424 910 482; x_wconf 91' lang='lat' dir='ltr'>Johannis,</span> <span class='ocrx_word' id='word_1_5' title='bbox 941 435 988 471; x_wconf 92' lang='lat' dir='ltr'>et</span> <span class='ocrx_word' id='word_1_6' title='bbox 1014 426 1161 471; x_wconf 88' lang='lat' dir='ltr'>breve</span> <span class='ocrx_word' id='word_1_7' title='bbox 1187 428 1250 472; x_wconf 91' lang='lat' dir='ltr'>ad</span> <span class='ocrx_word' id='word_1_8' title='bbox 1283 442 1374 472; x_wconf 91' lang='lat' dir='ltr'>nos</span> <span class='ocrx_word' id='word_1_9' title='bbox 1408 428 1559 487; x_wconf 89' lang='lat' dir='ltr'>scrip-</span> 
     </span>
     <span class='ocr_line' id='line_1_3' title="bbox 239 495 1559 560; baseline 0.006 -20"><span class='ocrx_word' id='word_1_10' title='bbox 239 505 345 540; x_wconf 87' lang='lat' dir='ltr'>turn</span> <span class='ocrx_word' id='word_1_11' title='bbox 383 510 475 553; x_wconf 85' lang='lat' dir='ltr'>pro</span> <span class='ocrx_word' id='word_1_12' title='bbox 518 495 626 555; x_wconf 90' lang='lat' dir='ltr'>ipso</span> <span class='ocrx_word' id='word_1_13' title='bbox 667 498 895 545; x_wconf 91' lang='lat' dir='ltr'>Johanne</span> <span class='ocrx_word' id='word_1_14' title='bbox 945 510 992 545; x_wconf 92' lang='lat' dir='ltr'>et</span> <span class='ocrx_word' id='word_1_15' title='bbox 1029 499 1135 545; x_wconf 92' lang='lat' dir='ltr'>eius</span> <span class='ocrx_word' id='word_1_16' title='bbox 1176 501 1476 560; x_wconf 87' lang='lat' dir='ltr'>sequacibus</span> <span class='ocrx_word' id='word_1_17' title='bbox 1511 514 1559 549; x_wconf 93' lang='lat' dir='ltr'>et</span> 
     </span>
     <span class='ocr_line' id='line_1_4' title="bbox 243 568 1556 635; baseline 0.007 -24"><span class='ocrx_word' id='word_1_18' title='bbox 243 568 573 627; x_wconf 87' lang='lat' dir='ltr'>complicibus</span> <span class='ocrx_word' id='word_1_19' title='bbox 614 571 889 630; x_wconf 82' lang='lat' dir='ltr'>capiendis,</span> <span class='ocrx_word' id='word_1_20' title='bbox 931 573 1111 618; x_wconf 91' lang='lat' dir='ltr'>ivimus</span> <span class='ocrx_word' id='word_1_21' title='bbox 1152 575 1214 619; x_wconf 88' lang='lat' dir='ltr'>ad</span> <span class='ocrx_word' id='word_1_22' title='bbox 1252 576 1315 622; x_wconf 92' lang='lat' dir='ltr'>D.</span> <span class='ocrx_word' id='word_1_23' title='bbox 1361 575 1556 635; x_wconf 88' lang='lat' dir='ltr'>episco-</span> 
     </span>
     <span class='ocr_line' id='line_1_5' title="bbox 242 642 1556 706; baseline 0.008 -22"><span class='ocrx_word' id='word_1_24' title='bbox 242 657 361 700; x_wconf 88' lang='lat' dir='ltr'>pum</span> <span class='ocrx_word' id='word_1_25' title='bbox 403 642 754 701; x_wconf 88' lang='lat' dir='ltr'>Parisiensem,</span> <span class='ocrx_word' id='word_1_26' title='bbox 784 656 832 691; x_wconf 92' lang='lat' dir='ltr'>et</span> <span class='ocrx_word' id='word_1_27' title='bbox 872 646 1015 692; x_wconf 84' lang='lat' dir='ltr'>factis</span> <span class='ocrx_word' id='word_1_28' title='bbox 1051 648 1463 706; x_wconf 85' lang='lat' dir='ltr'>processionibus</span> <span class='ocrx_word' id='word_1_29' title='bbox 1500 664 1556 694; x_wconf 91' lang='lat' dir='ltr'>ac</span> 
     </span>
     <span class='ocr_line' id='line_1_6' title="bbox 241 719 1555 781; baseline 0.008 -23"><span class='ocrx_word' id='word_1_30' title='bbox 241 726 541 775; x_wconf 86' lang='lat' dir='ltr'>congregata</span> <span class='ocrx_word' id='word_1_31' title='bbox 581 732 759 776; x_wconf 90' lang='lat' dir='ltr'>magna</span> <span class='ocrx_word' id='word_1_32' title='bbox 798 719 1118 766; x_wconf 86' lang='lat' dir='ltr'>multitudine</span> <span class='ocrx_word' id='word_1_33' title='bbox 1143 722 1318 781; x_wconf 90' lang='lat' dir='ltr'>populi</span> <span class='ocrx_word' id='word_1_34' title='bbox 1345 733 1392 768; x_wconf 95' lang='lat' dir='ltr'>et</span> <span class='ocrx_word' id='word_1_35' title='bbox 1418 723 1555 781; x_wconf 91' lang='lat' dir='ltr'>cleri,</span> 
     </span>
     <span class='ocr_line' id='line_1_7' title="bbox 239 787 1554 853; baseline 0.008 -22"><span class='ocrx_word' id='word_1_36' title='bbox 239 787 290 832; x_wconf 92' lang='lat' dir='ltr'>in</span> <span class='ocrx_word' id='word_1_37' title='bbox 312 788 522 833; x_wconf 81' lang='lat' dir='ltr'>solemni</span> <span class='ocrx_word' id='word_1_38' title='bbox 546 790 904 850; x_wconf 84' lang='lat' dir='ltr'>predicatione,</span> <span class='ocrx_word' id='word_1_39' title='bbox 926 792 1186 839; x_wconf 83' lang='lat' dir='ltr'>assistente</span> <span class='ocrx_word' id='word_1_40' title='bbox 1205 794 1315 853; x_wconf 89' lang='lat' dir='ltr'>ipso</span> <span class='ocrx_word' id='word_1_41' title='bbox 1336 795 1554 841; x_wconf 92' lang='lat' dir='ltr'>Domino</span> 
     </span>
     <span class='ocr_line' id='line_1_8' title="bbox 240 861 1556 922; baseline 0.008 -17"><span class='ocrx_word' id='word_1_42' title='bbox 240 861 477 922; x_wconf 90' lang='lat' dir='ltr'>episcopo</span> <span class='ocrx_word' id='word_1_43' title='bbox 527 874 576 908; x_wconf 88' lang='lat' dir='ltr'>et</span> <span class='ocrx_word' id='word_1_44' title='bbox 630 865 795 922; x_wconf 87' lang='lat' dir='ltr'>nobis,</span> <span class='ocrx_word' id='word_1_45' title='bbox 847 867 1136 912; x_wconf 86' lang='lat' dir='ltr'>earumdem</span> <span class='ocrx_word' id='word_1_46' title='bbox 1184 868 1461 914; x_wconf 89' lang='lat' dir='ltr'>litterarum</span> <span class='ocrx_word' id='word_1_47' title='bbox 1509 880 1556 916; x_wconf 89' lang='lat' dir='ltr'>et</span> 
     </span>
     <span class='ocr_line' id='line_1_9' title="bbox 241 936 1553 1001; baseline 0.005 -20"><span class='ocrx_word' id='word_1_48' title='bbox 241 936 403 982; x_wconf 87' lang='lat' dir='ltr'>brevis</span> <span class='ocrx_word' id='word_1_49' title='bbox 429 948 574 982; x_wconf 90' lang='lat' dir='ltr'>tenor</span> <span class='ocrx_word' id='word_1_50' title='bbox 599 938 883 997; x_wconf 91' lang='lat' dir='ltr'>publicatus</span> <span class='ocrx_word' id='word_1_51' title='bbox 909 939 1016 986; x_wconf 91' lang='lat' dir='ltr'>fuit.</span> <span class='ocrx_word' id='word_1_52' title='bbox 1045 941 1107 986; x_wconf 89' lang='lat' dir='ltr'>Et</span> <span class='ocrx_word' id='word_1_53' title='bbox 1132 953 1245 1000; x_wconf 90' lang='lat' dir='ltr'>post</span> <span class='ocrx_word' id='word_1_54' title='bbox 1268 943 1553 1001; x_wconf 89' lang='lat' dir='ltr'>prandium,</span> 
     </span>
     <span class='ocr_line' id='line_1_10' title="bbox 241 1010 1554 1070; baseline 0.005 -15"><span class='ocrx_word' id='word_1_55' title='bbox 241 1011 302 1055; x_wconf 86' lang='lat' dir='ltr'>ad</span> <span class='ocrx_word' id='word_1_56' title='bbox 344 1011 480 1070; x_wconf 85' lang='lat' dir='ltr'>quod</span> <span class='ocrx_word' id='word_1_57' title='bbox 517 1010 710 1057; x_wconf 91' lang='lat' dir='ltr'>invitati</span> <span class='ocrx_word' id='word_1_58' title='bbox 748 1012 1001 1059; x_wconf 89' lang='lat' dir='ltr'>fueramus</span> <span class='ocrx_word' id='word_1_59' title='bbox 1033 1016 1093 1059; x_wconf 93' lang='lat' dir='ltr'>ab</span> <span class='ocrx_word' id='word_1_60' title='bbox 1121 1016 1299 1060; x_wconf 89' lang='lat' dir='ltr'>eodem</span> <span class='ocrx_word' id='word_1_61' title='bbox 1336 1017 1554 1062; x_wconf 87' lang='lat' dir='ltr'>Domino</span> 
     </span>
     <span class='ocr_line' id='line_1_11' title="bbox 239 1083 1553 1143; baseline 0.006 -16"><span class='ocrx_word' id='word_1_62' title='bbox 239 1083 490 1143; x_wconf 88' lang='lat' dir='ltr'>episcopo,</span> <span class='ocrx_word' id='word_1_63' title='bbox 527 1084 707 1130; x_wconf 90' lang='lat' dir='ltr'>ivimus</span> <span class='ocrx_word' id='word_1_64' title='bbox 749 1087 811 1131; x_wconf 88' lang='lat' dir='ltr'>acl</span> <span class='ocrx_word' id='word_1_65' title='bbox 853 1087 1344 1134; x_wconf 85' lang='lat' dir='ltr'>Reverendissimum</span> <span class='ocrx_word' id='word_1_66' title='bbox 1378 1090 1553 1135; x_wconf 91' lang='lat' dir='ltr'>Domi-</span> 
     </span>
     <span class='ocr_line' id='line_1_12' title="bbox 239 1159 1554 1223; baseline 0.004 -20"><span class='ocrx_word' id='word_1_67' title='bbox 239 1174 357 1203; x_wconf 90' lang='lat' dir='ltr'>num</span> <span class='ocrx_word' id='word_1_68' title='bbox 398 1159 833 1219; x_wconf 88' lang='lat' dir='ltr'>archiepiscopum</span> <span class='ocrx_word' id='word_1_69' title='bbox 862 1162 1304 1222; x_wconf 86' lang='lat' dir='ltr'>Burdegallensem</span> <span class='ocrx_word' id='word_1_70' title='bbox 1337 1174 1408 1220; x_wconf 90' lang='lat' dir='ltr'>ut,</span> <span class='ocrx_word' id='word_1_71' title='bbox 1437 1164 1554 1223; x_wconf 91' lang='lat' dir='ltr'>quia</span> 
     </span>
     <span class='ocr_line' id='line_1_13' title="bbox 237 1233 1554 1297; baseline 0.006 -20"><span class='ocrx_word' id='word_1_72' title='bbox 237 1233 553 1278; x_wconf 83' lang='lat' dir='ltr'>audieramus</span> <span class='ocrx_word' id='word_1_73' title='bbox 577 1247 689 1278; x_wconf 90' lang='lat' dir='ltr'>eum</span> <span class='ocrx_word' id='word_1_74' title='bbox 718 1247 824 1278; x_wconf 91' lang='lat' dir='ltr'>esse</span> <span class='ocrx_word' id='word_1_75' title='bbox 852 1234 1037 1280; x_wconf 89' lang='lat' dir='ltr'>iturum</span> <span class='ocrx_word' id='word_1_76' title='bbox 1063 1237 1125 1280; x_wconf 89' lang='lat' dir='ltr'>ad</span> <span class='ocrx_word' id='word_1_77' title='bbox 1153 1237 1356 1297; x_wconf 83' lang='lat' dir='ltr'>Regiam</span> <span class='ocrx_word' id='word_1_78' title='bbox 1380 1239 1554 1285; x_wconf 90' lang='lat' dir='ltr'>Maies-</span> 
     </span>
     <span class='ocr_line' id='line_1_14' title="bbox 236 1308 1552 1369; baseline 0.005 -17"><span class='ocrx_word' id='word_1_79' title='bbox 236 1317 404 1363; x_wconf 87' lang='lat' dir='ltr'>tatem,</span> <span class='ocrx_word' id='word_1_80' title='bbox 471 1308 938 1352; x_wconf 75' lang='lat' dir='ltr'>commendaremus</span> <span class='ocrx_word' id='word_1_81' title='bbox 1002 1310 1202 1369; x_wconf 86' lang='lat' dir='ltr'>negotia</span> <span class='ocrx_word' id='word_1_82' title='bbox 1264 1312 1552 1358; x_wconf 84' lang='lat' dir='ltr'>Sanctitatis</span> 
     </span>
     <span class='ocr_line' id='line_1_15' title="bbox 236 1383 1549 1433; baseline 0.005 -7"><span class='ocrx_word' id='word_1_83' title='bbox 236 1383 412 1426; x_wconf 90' lang='lat' dir='ltr'>Vestre</span> <span class='ocrx_word' id='word_1_84' title='bbox 440 1415 1549 1433; x_wconf 87' lang='grc'><strong>............................</strong></span> 
     </span>
     <span class='ocr_line' id='line_1_16' title="bbox 238 1456 1554 1515; baseline 0.006 -17"><span class='ocrx_word' id='word_1_85' title='bbox 238 1474 258 1498; x_wconf 90' lang='lat'>«</span> <span class='ocrx_word' id='word_1_86' title='bbox 374 1456 437 1500; x_wconf 93' lang='lat' dir='ltr'>Et</span> <span class='ocrx_word' id='word_1_87' title='bbox 463 1466 706 1515; x_wconf 87' lang='lat' dir='ltr'>quantum</span> <span class='ocrx_word' id='word_1_88' title='bbox 733 1456 795 1501; x_wconf 89' lang='lat' dir='ltr'>ad</span> <span class='ocrx_word' id='word_1_89' title='bbox 823 1457 1037 1502; x_wconf 89' lang='lat' dir='ltr'>eundem</span> <span class='ocrx_word' id='word_1_90' title='bbox 1061 1458 1344 1504; x_wconf 90' lang='lat' dir='ltr'>Johannem</span> <span class='ocrx_word' id='word_1_91' title='bbox 1370 1459 1554 1506; x_wconf 87' lang='lat' dir='ltr'>Miran-</span> 
     </span>
     <span class='ocr_line' id='line_1_17' title="bbox 236 1529 1551 1591; baseline 0.002 -16"><span class='ocrx_word' id='word_1_92' title='bbox 236 1529 494 1588; x_wconf 87' lang='lat' dir='ltr'>dulanum,</span> <span class='ocrx_word' id='word_1_93' title='bbox 530 1530 636 1590; x_wconf 89' lang='lat' dir='ltr'>ipse</span> <span class='ocrx_word' id='word_1_94' title='bbox 671 1531 917 1576; x_wconf 91' lang='lat' dir='ltr'>Dominus</span> <span class='ocrx_word' id='word_1_95' title='bbox 942 1532 1348 1591; x_wconf 88' lang='lat' dir='ltr'>Burdegallensis</span> <span class='ocrx_word' id='word_1_96' title='bbox 1376 1533 1551 1578; x_wconf 88' lang='lat' dir='ltr'>lauda-</span> 
     </span>
     <span class='ocr_line' id='line_1_18' title="bbox 233 1604 1551 1666; baseline 0.003 -16"><span class='ocrx_word' id='word_1_97' title='bbox 233 1604 302 1650; x_wconf 90' lang='lat' dir='ltr'>vit</span> <span class='ocrx_word' id='word_1_98' title='bbox 345 1606 482 1664; x_wconf 87' lang='lat' dir='ltr'>quod</span> <span class='ocrx_word' id='word_1_99' title='bbox 522 1604 704 1664; x_wconf 87' lang='lat' dir='ltr'>aliquis</span> <span class='ocrx_word' id='word_1_100' title='bbox 742 1616 969 1651; x_wconf 90' lang='lat' dir='ltr'>nostrum</span> <span class='ocrx_word' id='word_1_101' title='bbox 995 1616 1072 1651; x_wconf 91' lang='lat' dir='ltr'>eat</span> <span class='ocrx_word' id='word_1_102' title='bbox 1100 1618 1215 1666; x_wconf 92' lang='lat' dir='ltr'>post</span> <span class='ocrx_word' id='word_1_103' title='bbox 1248 1621 1379 1664; x_wconf 90' lang='lat' dir='ltr'>eum,</span> <span class='ocrx_word' id='word_1_104' title='bbox 1404 1607 1551 1654; x_wconf 90' lang='lat' dir='ltr'>sicuti</span> 
     </span>
     <span class='ocr_line' id='line_1_19' title="bbox 234 1679 1553 1741; baseline 0.002 -17"><span class='ocrx_word' id='word_1_105' title='bbox 234 1679 466 1738; x_wconf 89' lang='lat' dir='ltr'>superius</span> <span class='ocrx_word' id='word_1_106' title='bbox 504 1680 744 1739; x_wconf 89' lang='lat' dir='ltr'>scriptum</span> <span class='ocrx_word' id='word_1_107' title='bbox 779 1691 866 1726; x_wconf 93' lang='lat' dir='ltr'>est.</span> <span class='ocrx_word' id='word_1_108' title='bbox 902 1681 961 1725; x_wconf 85' lang='lat' dir='ltr'>Et</span> <span class='ocrx_word' id='word_1_109' title='bbox 985 1691 1188 1740; x_wconf 90' lang='lat' dir='ltr'>propter</span> <span class='ocrx_word' id='word_1_110' title='bbox 1217 1681 1553 1741; x_wconf 85' lang='lat' dir='ltr'>hospitiorum</span> 
     </span>
     <span class='ocr_line' id='line_1_20' title="bbox 238 1753 1555 1816; baseline 0.003 -19"><span class='ocrx_word' id='word_1_111' title='bbox 238 1753 715 1811; x_wconf 86' lang='lat' dir='ltr'>incommoditatem,</span> <span class='ocrx_word' id='word_1_112' title='bbox 747 1769 860 1799; x_wconf 91' lang='lat' dir='ltr'>cum</span> <span class='ocrx_word' id='word_1_113' title='bbox 888 1754 1041 1814; x_wconf 89' lang='lat' dir='ltr'>Regia</span> <span class='ocrx_word' id='word_1_114' title='bbox 1071 1754 1309 1800; x_wconf 87' lang='lat' dir='ltr'>Maiestas</span> <span class='ocrx_word' id='word_1_115' title='bbox 1350 1767 1428 1802; x_wconf 94' lang='lat' dir='ltr'>eat</span> <span class='ocrx_word' id='word_1_116' title='bbox 1465 1771 1555 1816; x_wconf 86' lang='lat' dir='ltr'>per</span> 
     </span>
     <span class='ocr_line' id='line_1_21' title="bbox 233 1827 1549 1890; baseline 0.003 -19"><span class='ocrx_word' id='word_1_117' title='bbox 233 1827 449 1887; x_wconf 77' lang='lat' dir='ltr'>villagia,</span> <span class='ocrx_word' id='word_1_118' title='bbox 511 1842 619 1872; x_wconf 90' lang='lat' dir='ltr'>cras</span> <span class='ocrx_word' id='word_1_119' title='bbox 678 1843 770 1888; x_wconf 90' lang='lat' dir='ltr'>ego</span> <span class='ocrx_word' id='word_1_120' title='bbox 825 1827 1075 1874; x_wconf 90' lang='lat' dir='ltr'>Antonius</span> <span class='ocrx_word' id='word_1_121' title='bbox 1126 1829 1299 1874; x_wconf 88' lang='lat' dir='ltr'>Flores</span> <span class='ocrx_word' id='word_1_122' title='bbox 1355 1840 1402 1875; x_wconf 89' lang='lat' dir='ltr'>et</span> <span class='ocrx_word' id='word_1_123' title='bbox 1458 1844 1549 1890; x_wconf 88' lang='lat' dir='ltr'>ego</span> 
     </span>
     <span class='ocr_line' id='line_1_22' title="bbox 231 1901 1551 1963; baseline 0.002 -17"><span class='ocrx_word' id='word_1_124' title='bbox 231 1901 626 1946; x_wconf 89' lang='lat' dir='ltr'>JoannesOrioli</span> <span class='ocrx_word' id='word_1_125' title='bbox 654 1917 766 1947; x_wconf 91' lang='lat' dir='ltr'>cum</span> <span class='ocrx_word' id='word_1_126' title='bbox 795 1913 1031 1961; x_wconf 89' lang='lat' dir='ltr'>quattuor</span> <span class='ocrx_word' id='word_1_127' title='bbox 1059 1902 1199 1962; x_wconf 87' lang='lat' dir='ltr'>equis</span> <span class='ocrx_word' id='word_1_128' title='bbox 1226 1902 1410 1948; x_wconf 87' lang='lat' dir='ltr'>ibimus</span> <span class='ocrx_word' id='word_1_129' title='bbox 1436 1915 1551 1963; x_wconf 89' lang='lat' dir='ltr'>post</span> 
     </span>
     <span class='ocr_line' id='line_1_23' title="bbox 233 1974 1549 2033; baseline 0.002 -15"><span class='ocrx_word' id='word_1_130' title='bbox 233 1974 398 2032; x_wconf 88' lang='lat' dir='ltr'>ipsum</span> <span class='ocrx_word' id='word_1_131' title='bbox 427 1974 712 2020; x_wconf 89' lang='lat' dir='ltr'>Johannem</span> <span class='ocrx_word' id='word_1_132' title='bbox 739 1976 1164 2033; x_wconf 88' lang='lat' dir='ltr'>Mirandulanum,</span> <span class='ocrx_word' id='word_1_133' title='bbox 1183 1988 1229 2022; x_wconf 91' lang='lat' dir='ltr'>et</span> <span class='ocrx_word' id='word_1_134' title='bbox 1253 1977 1549 2023; x_wconf 90' lang='lat' dir='ltr'>adhibemus</span> 
     </span>
     <span class='ocr_line' id='line_1_24' title="bbox 233 2050 1549 2110; baseline 0.004 -18"><span class='ocrx_word' id='word_1_135' title='bbox 233 2063 432 2093; x_wconf 90' lang='lat' dir='ltr'>omnem</span> <span class='ocrx_word' id='word_1_136' title='bbox 460 2064 629 2094; x_wconf 89' lang='lat' dir='ltr'>curam</span> <span class='ocrx_word' id='word_1_137' title='bbox 649 2061 695 2095; x_wconf 93' lang='lat' dir='ltr'>et</span> <span class='ocrx_word' id='word_1_138' title='bbox 719 2050 1027 2110; x_wconf 84' lang='lat' dir='ltr'>diligentiam</span> <span class='ocrx_word' id='word_1_139' title='bbox 1054 2061 1108 2096; x_wconf 91' lang='lat' dir='ltr'>ut</span> <span class='ocrx_word' id='word_1_140' title='bbox 1134 2051 1372 2110; x_wconf 84' lang='lat' dir='ltr'>capiatur.</span> <span class='ocrx_word' id='word_1_141' title='bbox 1402 2052 1549 2097; x_wconf 89' lang='lat' dir='ltr'>Nacti</span> 
     </span>
     <span class='ocr_line' id='line_1_25' title="bbox 233 2122 1548 2183; baseline 0.002 -16"><span class='ocrx_word' id='word_1_142' title='bbox 233 2122 463 2168; x_wconf 89' lang='lat' dir='ltr'>nuntium</span> <span class='ocrx_word' id='word_1_143' title='bbox 512 2122 698 2168; x_wconf 91' lang='lat' dir='ltr'>iturum</span> <span class='ocrx_word' id='word_1_144' title='bbox 749 2124 1068 2183; x_wconf 80' lang='lat' dir='ltr'>Lugdunum,</span> <span class='ocrx_word' id='word_1_145' title='bbox 1097 2125 1230 2169; x_wconf 92' lang='lat' dir='ltr'>unde</span> <span class='ocrx_word' id='word_1_146' title='bbox 1277 2125 1339 2170; x_wconf 92' lang='lat' dir='ltr'>he</span> <span class='ocrx_word' id='word_1_147' title='bbox 1385 2125 1548 2171; x_wconf 90' lang='lat' dir='ltr'>littere</span> 
     </span>
     <span class='ocr_line' id='line_1_26' title="bbox 230 2196 1546 2258; baseline 0.002 -16"><span class='ocrx_word' id='word_1_148' title='bbox 230 2208 468 2257; x_wconf 87' lang='lat' dir='ltr'>poterunt</span> <span class='ocrx_word' id='word_1_149' title='bbox 502 2196 630 2243; x_wconf 91' lang='lat' dir='ltr'>mitti</span> <span class='ocrx_word' id='word_1_150' title='bbox 658 2199 886 2256; x_wconf 87' lang='lat' dir='ltr'>Romam,</span> <span class='ocrx_word' id='word_1_151' title='bbox 916 2198 1205 2258; x_wconf 87' lang='lat' dir='ltr'>scripsimus</span> <span class='ocrx_word' id='word_1_152' title='bbox 1238 2198 1330 2244; x_wconf 91' lang='lat' dir='ltr'>hec</span> <span class='ocrx_word' id='word_1_153' title='bbox 1359 2199 1546 2246; x_wconf 86' lang='lat' dir='ltr'>Sancti-</span> 
     </span>
     <span class='ocr_line' id='line_1_27' title="bbox 228 2271 1547 2332; baseline 0.001 -15"><span class='ocrx_word' id='word_1_154' title='bbox 228 2271 317 2317; x_wconf 93' lang='lat' dir='ltr'>tati</span> <span class='ocrx_word' id='word_1_155' title='bbox 343 2272 537 2327; x_wconf 89' lang='lat' dir='ltr'>Vestre,</span> <span class='ocrx_word' id='word_1_156' title='bbox 558 2282 612 2317; x_wconf 92' lang='lat' dir='ltr'>ut</span> <span class='ocrx_word' id='word_1_157' title='bbox 631 2271 1026 2331; x_wconf 88' lang='lat' dir='ltr'>significaremus</span> <span class='ocrx_word' id='word_1_158' title='bbox 1053 2272 1096 2317; x_wconf 89' lang='lat' dir='ltr'>ei</span> <span class='ocrx_word' id='word_1_159' title='bbox 1124 2287 1219 2332; x_wconf 87' lang='lat' dir='ltr'>que</span> <span class='ocrx_word' id='word_1_160' title='bbox 1234 2283 1348 2332; x_wconf 90' lang='lat' dir='ltr'>post</span> <span class='ocrx_word' id='word_1_161' title='bbox 1370 2273 1547 2319; x_wconf 89' lang='lat' dir='ltr'>disces-</span> 
     </span>
     <span class='ocr_line' id='line_1_28' title="bbox 230 2344 1547 2406; baseline 0.002 -16"><span class='ocrx_word' id='word_1_162' title='bbox 230 2360 340 2390; x_wconf 89' lang='lat' dir='ltr'>sum</span> <span class='ocrx_word' id='word_1_163' title='bbox 380 2344 590 2403; x_wconf 79' lang='lat' dir='ltr'>predicti</span> <span class='ocrx_word' id='word_1_164' title='bbox 631 2345 879 2390; x_wconf 91' lang='lat' dir='ltr'>tabellarii</span> <span class='ocrx_word' id='word_1_165' title='bbox 913 2358 1256 2403; x_wconf 89' lang='lat' dir='ltr'>occurrerunt,</span> <span class='ocrx_word' id='word_1_166' title='bbox 1298 2358 1346 2392; x_wconf 95' lang='lat' dir='ltr'>et</span> <span class='ocrx_word' id='word_1_167' title='bbox 1382 2362 1547 2406; x_wconf 89' lang='lat' dir='ltr'>spera-</span> 
     </span>
     <span class='ocr_line' id='line_1_29' title="bbox 228 2419 1546 2479; baseline 0.003 -16"><span class='ocrx_word' id='word_1_168' title='bbox 228 2433 337 2464; x_wconf 88' lang='lat' dir='ltr'>mus</span> <span class='ocrx_word' id='word_1_169' title='bbox 365 2419 502 2479; x_wconf 89' lang='lat' dir='ltr'>quod</span> <span class='ocrx_word' id='word_1_170' title='bbox 527 2419 652 2466; x_wconf 87' lang='lat' dir='ltr'>forte</span> <span class='ocrx_word' id='word_1_171' title='bbox 687 2419 933 2466; x_wconf 87' lang='lat' dir='ltr'>Dominus</span> <span class='ocrx_word' id='word_1_172' title='bbox 969 2420 1145 2467; x_wconf 78' lang='lat' dir='ltr'>Erexie</span> <span class='ocrx_word' id='word_1_173' title='bbox 1171 2421 1546 2468; x_wconf 91' lang='lat' dir='ltr'>contentabitur</span> 
     </span>
    </p>
   </div>
  </div>
 </body>
</html>
