1906 2984
730 261 1001 292 —201—

205 371 410 417 lasticus
444 372 505 418 de
540 373 839 431 Mauregard
871 371 1032 416 fuerat
1063 369 1277 427 occisus,
1305 367 1382 413 vel
1408 381 1521 412 cum

205 446 490 506 prepositus
527 445 817 506 parisiensis
854 445 980 490 duos
1019 442 1347 489 scholasticos
1393 440 1522 500 pati-

207 520 324 565 bulo
353 520 707 579 suspendisset,
740 519 860 564 olim
894 529 1203 579 acceperant.
1233 518 1305 561 De
1341 514 1522 575 quibus

206 594 544 639 memorabilis
563 593 783 640 vindicta
804 605 850 640 et
870 592 1142 639 satisfactio
1170 590 1343 636 habita
1363 589 1524 634 fuerat

205 668 274 714 ita
297 679 351 715 ut
376 668 639 714 ecclesiam
663 683 757 728 que
785 669 846 714 ad
870 665 1294 727 presentationem
1322 665 1371 710 S.
1400 664 1524 708 Ger-

208 743 339 787 mani
365 754 412 789 et
442 743 656 802 capellas
685 757 779 801 que
806 742 856 787 in
880 751 1147 800 patronatu
1172 737 1524 786 Universitatis

207 827 321 862 sunt
344 816 653 862 Universitas
676 827 918 876 perpetuo
937 815 1044 860 iure
1063 814 1113 860 in
1136 829 1186 859 se
1213 812 1457 871 reciperet
1478 820 1526 855 et

205 891 385 936 domus
411 890 496 935 illa
519 890 746 936 sublimis
773 905 922 950 quam
947 889 1272 935 extruendam
1298 900 1524 944 assump-

206 976 336 1010 serat
352 965 637 1024 prepositus
659 965 948 1025 imperfecta
967 965 1028 1009 ad
1050 964 1182 1008 hunc
1208 976 1368 1021 usque
1394 961 1526 1006 diem

204 1048 518 1097 permaneret
536 1038 587 1083 in
599 1049 981 1084 monumentum
994 1036 1200 1082 ultionis
1217 1035 1522 1095 simpiterne.

211 1113 392 1158 Extare
428 1123 695 1172 propterea
737 1112 935 1158 dicebat
974 1110 1277 1172 epythaphia
1328 1107 1526 1167 lapidea

207 1187 268 1230 ab
307 1186 368 1231 iis
411 1186 614 1232 condita
666 1186 751 1246 qui
800 1185 1155 1232 scholasticum
1202 1190 1519 1229 necaverant.

212 1260 423 1319 Propter
451 1274 508 1305 ea
535 1260 983 1306 Universitatem...
1022 1277 1042 1301 »

271 1334 681 1380 L’echauflouree
702 1335 826 1380 dans
845 1334 1061 1394 laquelle
1079 1333 1124 1379 le
1145 1332 1320 1378 maitre
1347 1332 1398 1376 es
1425 1339 1525 1376 arts

208 1417 255 1452 et
282 1408 534 1454 bachelier
557 1423 618 1454 en
638 1410 823 1467 decret,
845 1408 1096 1454 Raimond
1119 1407 1178 1453 de
1207 1403 1524 1465 Mamegard,

206 1481 280 1528 fut
298 1483 400 1539 tue,
415 1494 489 1529 est
507 1484 770 1543 rapportee
787 1484 910 1529 dans
926 1483 996 1528 les
1016 1483 1129 1542 plus
1147 1480 1329 1541 grands
1349 1478 1526 1525 details

203 1569 294 1614 par
333 1557 400 1602 du
426 1558 635 1618 Boulay,
662 1569 695 1604 t.
732 1559 776 1603 V
803 1558 881 1617 (ad
903 1572 1083 1604 annum
1116 1556 1290 1615 1453),
1324 1570 1406 1614 pp.
1438 1552 1526 1612 578

206 1640 254 1675 et
280 1645 388 1689 sqq.
419 1631 614 1691 Gaguin
655 1647 682 1677 a
721 1631 874 1677 relate
914 1631 960 1676 le
1002 1630 1224 1690 supplice
1269 1628 1356 1674 des
1397 1627 1528 1672 deux

207 1702 362 1748 clercs
379 1705 606 1763 ecoliers‚
623 1706 781 1764 Le'ger
792 1706 858 1751 du
873 1704 1095 1750 Moussel
1114 1714 1161 1749 et
1172 1701 1361 1748 Olivier
1374 1702 1529 1745 Bour-

206 1775 362 1834 geois,
402 1779 598 1837 pendus
639 1793 730 1838 par
771 1778 919 1823 ordre
956 1778 1022 1823 du
1063 1776 1238 1837 prevot
1276 1775 1337 1820 de
1367 1773 1525 1830 Paris,

208 1849 490 1897 Guillaume
517 1853 577 1898 de
593 1852 929 1912 Tignonville‚
955 1851 1047 1896 ala
1066 1850 1193 1896 suite
1220 1849 1336 1894 d’un
1362 1862 1527 1893 meur-

204 1933 279 1968 tre
311 1925 456 1983 qu'ils
491 1926 687 1972 avaient
724 1925 949 1972 commis.
986 1922 1359 1986 Compendium,
1403 1920 1519 1967 edit.

207 1997 268 2042 de
311 1999 469 2058 Paris,
514 2001 625 2044 1511
673 2011 720 2046 et
771 1999 905 2058 1528,
934 1998 1068 2056 in-4⁰‚
1118 1997 1205 2044 fol.
1247 1995 1332 2056 198
1372 2007 1425 2041 v0
1480 2004 1528 2039 et

214 2089 298 2133 199
323 2083 364 2117 r⁰
393 2073 470 2133 (ad
493 2089 674 2119 annum
701 2075 863 2133 1407).
890 2074 968 2118 Au
994 2083 1155 2132 temps
1184 2071 1245 2117 de
1268 2071 1334 2115 du
1359 2067 1526 2125 Breul,

209 2163 275 2193 on
299 2147 467 2208 voyait
492 2148 601 2194 leur
627 2148 882 2209 sepulture
916 2162 978 2193 en
1015 2162 1083 2192 un
1109 2145 1224 2192 coin
1256 2145 1323 2190 du
1353 2143 1528 2189 cloitre

209 2222 275 2267 du
298 2223 579 2268 monastere
599 2222 685 2268 des
705 2221 987 2267 Mathurins
1008 2221 1068 2266 de
1083 2219 1240 2265 Paris.
1265 2218 1330 2263 Ils
1346 2215 1530 2262 e'taient

211 2297 539 2356 representes,
575 2311 659 2341 sur
696 2296 743 2341 la
778 2295 940 2356 pierre
977 2293 1197 2342 tombale
1239 2311 1258 2336 «
1295 2307 1357 2337 en
1385 2291 1530 2349 facon

210 2371 270 2415 de
303 2371 518 2430 pendus,
562 2370 806 2416 ensevelis
843 2381 891 2415 et
931 2384 1012 2415 ces
1042 2379 1172 2414 mots
1213 2369 1239 2411 a
1265 2366 1480 2411 l'entour
1517 2378 1526 2407 :
