1906 2984
276 431 327 476 in
365 433 687 494 Delphinatu,
719 451 776 482 ea
804 438 880 484 via
916 453 1013 497 qua
1038 439 1185 484 etiam
1218 454 1309 484 nos
1343 440 1586 499 venimus,

276 505 418 551 cuius
464 509 792 568 Delphinatus
840 512 1147 571 gubernator
1190 523 1262 558 est
1309 513 1590 559 Illustrissi-

275 594 382 624 mus
410 581 656 629 Dominus
675 585 934 645 Philippus
954 586 1014 630 de
1035 587 1303 632 Sabaudia.
1327 589 1400 632 Eo
1421 598 1584 647 capto,

275 664 444 699 orator
471 656 798 703 Illustrissimi
825 659 964 704 ducis
992 659 1267 705 Mediolani
1307 660 1588 707 intercessit

273 728 405 785 apud
431 729 616 789 regiam
634 731 947 777 Maiestatem
972 744 1026 778 ut
1045 732 1357 791 liberaretur,
1375 735 1586 780 laudans

271 799 434 858 ipsum
465 814 512 849 et
537 804 708 850 dicens
746 820 852 850 esse
895 806 1151 851 subditum
1181 808 1348 852 Status
1386 809 1584 854 Medio-

269 875 505 935 lanensis,
558 887 605 923 et
650 879 785 937 quod
844 879 968 923 nihil
1020 880 1338 926 commiserat
1379 893 1584 942 propter

270 950 406 1007 quod
445 951 554 1010 capi
589 952 810 1009 deberet,
857 954 943 998 sed
982 954 1146 998 solum
1186 969 1336 999 causa
1379 955 1582 1000 videndi

267 1036 432 1082 regem
462 1035 509 1070 et
534 1024 662 1070 hanc
690 1025 1080 1072 Universitatem
1113 1028 1210 1074 huc
1249 1028 1506 1086 veniebat3
1535 1038 1583 1074 et

265 1096 332 1141 ita
373 1097 590 1144 obtinuit
641 1098 830 1145 litteras
879 1100 939 1145 de
982 1115 1040 1146 eo
1086 1101 1376 1147 relaxando.
1417 1103 1580 1157 Quam

263 1171 480 1230 primum
505 1171 602 1216 huc
628 1172 977 1232 applicuimus,
1014 1174 1355 1220 ordinavimus
1390 1175 1579 1222 litteras

261 1255 488 1305 patentes
516 1260 630 1291 cum
656 1246 929 1293 insertione
961 1248 1241 1294 litterarum
1274 1250 1578 1309 apostolica-

262 1334 372 1363 rum
397 1319 734 1366 damnationis
761 1322 1161 1368 Conclusionum
1189 1323 1313 1382 eius,
1338 1334 1385 1370 et
1412 1323 1576 1370 brevis

260 1391 392 1437 circa
419 1392 622 1439 illorum
651 1395 999 1442 executionem
1033 1407 1079 1442 et
1111 1396 1269 1457 ipsius
1297 1398 1502 1444 Joannis
1529 1408 1577 1444 et

258 1466 561 1526 complicum
597 1480 870 1528 capturam,
895 1470 1166 1531 dirigentes
1192 1471 1302 1517 illas
1328 1472 1575 1518 universis

259 1551 306 1586 et
330 1540 538 1601 singulis
556 1552 658 1588 tam
684 1544 1034 1590 ecclesiasticis
1057 1560 1206 1605 quam
1244 1546 1572 1605 secularibus,

258 1626 384 1673 etc.;
413 1616 505 1660 sub
554 1618 778 1663 censuris
813 1629 860 1663 et
900 1619 1043 1678 penis
1089 1620 1339 1666 contentis
1374 1631 1477 1666 tam
1520 1621 1572 1665 in

256 1688 433 1734 litteris
467 1704 616 1748 quam
657 1691 707 1735 in
741 1691 877 1736 brevi
915 1692 967 1736 in
1007 1692 1168 1738 forma
1198 1709 1494 1754 processus3
1524 1704 1571 1740 et

257 1762 569 1808 obtinuimus
588 1764 778 1810 litteras
806 1780 833 1810 a
857 1780 969 1826 rege
997 1767 1058 1811 ad
1078 1767 1351 1812 Dominum
1379 1767 1569 1827 Philip-

253 1850 390 1896 pum,
418 1846 472 1882 ut
513 1837 630 1897 quia
673 1838 917 1885 intellexit
957 1854 984 1884 a
1023 1841 1169 1886 nobis
1220 1852 1420 1902 captum
1460 1855 1568 1887 esse

250 1920 456 1969 propter
480 1911 712 1970 heresim,
741 1928 842 1958 non
866 1914 1182 1960 obstantibus
1208 1916 1462 1975 prioribus
1484 1915 1567 1961 lit-

251 1983 388 2041 teris,
425 1984 464 2029 si
491 1985 559 2031 ita
584 1986 764 2033 viderit
797 2002 922 2045 esse,
951 2003 1065 2034 eum
1091 1989 1317 2035 retineat.
1361 1989 1568 2049 Scripsi-

250 2072 360 2102 mus
394 2057 542 2104 etiam
579 2075 670 2106 nos
704 2061 865 2107 eidem
893 2062 1126 2123 Philippo
1154 2075 1201 2110 et
1234 2063 1564 2110 Reverendis-

250 2129 376 2176 simo
427 2133 644 2179 Domino
690 2136 945 2182 Cardinali
995 2137 1319 2197 Lugdunensi
1368 2149 1415 2183 et
1457 2138 1562 2183 eius

249 2203 474 2262 officiali;
515 2218 562 2253 et
588 2223 702 2253 cum
728 2209 804 2255 his
832 2210 1066 2256 omnibus
1100 2211 1278 2257 litteris
1317 2211 1561 2257 mittimus

246 2278 572 2326 caballarium
606 2284 668 2328 ad
708 2284 980 2329 Dominum
1016 2285 1304 2346 Philippum
1346 2296 1400 2331 ut
1439 2285 1561 2331 sciat

246 2355 382 2410 quod
405 2355 466 2400 sit
489 2356 549 2400 de
582 2356 670 2401 illo
697 2357 917 2415 homine,
947 2368 995 2404 et
1021 2358 1060 2404 si
1095 2359 1159 2405 sit
1185 2360 1348 2405 adhuc
1384 2360 1560 2405 deten-

242 2439 341 2486 tus,
381 2439 428 2473 et
464 2429 643 2476 debeat
674 2430 885 2477 detineri
927 2433 989 2477 ad
1026 2432 1224 2479 libitum
1269 2433 1558 2479 Sanctitatis
