1906 2984
832 326 1106 370 -190-

300 452 347 486 et
372 440 423 484 in
451 454 551 498 quo
578 437 822 483 nonnulla
849 437 998 483 etiam
1026 438 1088 482 ad
1113 436 1262 482 fidem
1290 437 1623 482 orthodoxam

298 514 601 575 pertinentia
640 513 767 558 falso
810 512 1136 572 interpretata
1184 522 1231 558 et
1274 511 1478 557 defensa
1515 525 1623 556 esse

300 588 745 649 deprehenduntur
777 597 826 633 et
851 587 903 632 in
929 602 1029 647 quo
1064 585 1281 646 plurima
1307 600 1368 632 ex
1399 585 1623 646 philoso-

299 662 460 724 phicis
487 661 767 720 disciplinis
795 661 857 707 ad
884 675 1021 707 sacre
1036 659 1293 720 Scripture
1316 658 1626 705 contrarium

300 753 504 784 sensum
544 746 881 797 exponuntur,
925 734 1200 781 existimavi
1250 749 1355 780 rem
1401 732 1626 794 gratissi-

301 829 430 860 mam
456 824 541 860 tue
568 811 869 859 Celsitudini
902 811 1065 857 facere
1103 821 1151 856 et
1183 808 1484 870 professioni
1518 821 1626 853 mee

302 887 847 943 convenientissimam,
893 886 934 931 si
987 886 1226 932 adversus
1286 899 1371 930 eos
1432 897 1626 929 errores

302 962 454 1008 fidem
486 972 709 1008 nostram
741 960 915 1021 clipeis
939 959 1178 1005 Davidice
1208 957 1360 1004 turris
1391 971 1483 1017 pro
1518 972 1627 1002 mo-

303 1037 424 1084 dulo
450 1034 779 1096 intelligentie
806 1044 976 1081 nostre
1003 1033 1332 1091 muniremus,
1353 1042 1438 1078 aut
1458 1030 1628 1092 potius

301 1230 358 1271 D.
382 1229 571 1271 Petrum
588 1227 818 1282 Garqiam,
841 1227 1091 1280 episcopum
1113 1225 1425 1276 Ussellensem,
1445 1225 1629 1266 Miran-

302 1298 456 1339 dulam
479 1297 828 1350 impugnantem,
852 1295 931 1336 sed
958 1294 1140 1334 minime
1164 1293 1427 1344 Ioedentem;
1453 1298 1499 1334 et
1520 1293 1629 1334 Con-

304 1365 526 1407 clusiones
544 1363 835 1404 Cabalisticae
859 1374 1041 1402 numero
1064 1360 1240 1411 LXXI,
1261 1360 1503 1401 secundum
1532 1360 1627 1414 opi·

306 1434 482 1475 nionem
529 1431 766 1486 propriam
807 1430 1004 1484 ejusdem
1044 1428 1344 1478 Mirandulae,
1385 1441 1446 1469 ex
1492 1428 1631 1482 ipsius

304 1501 603 1541 Hebraeorum
657 1498 908 1551 sapientum
953 1496 1271 1549 fundamentis
1322 1495 1631 1535 Christianam

305 1567 573 1621 religionem
611 1565 812 1606 maxime
855 1564 1159 1615 declarantes,
1179 1576 1264 1616 per
1298 1562 1484 1603 eundem
1510 1562 1631 1602 Fra-

306 1640 419 1676 trem
453 1632 794 1686 Archangelum
826 1631 1087 1673 acutissime
1115 1630 1364 1672 declaratae
1403 1634 1448 1670 et
1489 1628 1632 1670 eluci-

305 1702 439 1742 datae.
466 1724 517 1730 -
539 1700 759 1753 Bologne,
792 1697 918 1750 1564,
945 1696 1054 1738 in-80
1086 1698 1257 1750 (autres
1286 1695 1509 1737 e'ditions:
1540 1696 1631 1736 Ve-

306 1769 422 1818 nise‚
457 1766 582 1822 1569,
611 1764 749 1816 in-803
779 1765 903 1817 Bale,
936 1764 1061 1819 1587,
1090 1763 1285 1815 in-folio,
1313 1763 1426 1804 dans
1453 1764 1495 1804 le
1521 1771 1555 1803 t.
1582 1763 1634 1802 1⁶³r

306 1836 368 1876 du
395 1834 566 1876 recueil
593 1835 672 1874 des
698 1833 829 1873 Artis
857 1831 1146 1873 Cabalisticoe
1179 1831 1427 1884 scriptores
1456 1831 1511 1871 de
1536 1830 1633 1871 Pis-

306 1902 467 1952 torius,
489 1909 547 1953 et,
572 1901 697 1951 ibid„
724 1901 749 1941 a
775 1909 892 1953 part,
929 1898 1053 1949 1600,
1082 1899 1224 1951 ἰπὶ-80).
1247 1921 1294 1927 —-
1324 1899 1362 1938 A
1391 1898 1436 1938 la
1462 1897 1631 1938 biblio-

307 1970 478 2022 theque
498 1969 552 2009 de
570 1968 763 2008 Modene
789 1967 916 2019 (mss.
943 1966 1171 2019 Campori,
1195 1974 1247 2005 n0
1273 1965 1385 2018 174),
1405 1977 1451 2005 se
1475 1973 1634 2006 trouve

306 2050 370 2078 un
404 2036 672 2084 manuscrit,
710 2039 941 2088 peut-etre
979 2034 1190 2088 original,
1218 2034 1272 2074 de
1310 2041 1380 2073 cet
1418 2046 1632 2087 ouvrage,

308 2105 502 2155 in-folio,
541 2118 620 2145 sur
667 2104 840 2157 papier,
875 2110 1123 2144 contenant
1172 2102 1249 2142 des
1292 2100 1632 2154 suppressions,

307 2173 587 2212 corrections
619 2180 661 2212 et
698 2171 945 2221 additions,
984 2178 1027 2210 et
1061 2169 1357 2222 simplement
1400 2166 1582 2208 intitule
1622 2180 1631 2207 ε

309 2254 328 2278 «
363 2239 698 2280 Conclusiones
741 2238 1018 2278 cabalisticae
1052 2249 1246 2277 numero
1277 2248 1349 2289 72,
1377 2235 1633 2276 secundum

306 2306 576 2359 opinionem
613 2305 806 2346 illustris
835 2304 1024 2345 Joannis
1051 2303 1143 2343 Pici
1171 2302 1431 2343 Mirandule
1463 2301 1632 2354 princi-

309 2371 378 2424 pis
425 2371 861 2412 christianissimam
905 2370 1177 2422 religionem
1213 2368 1414 2409 maxime
1464 2366 1640 2421 confla,

309 2446 504 2479 mantes.
536 2452 556 2477 »
590 2438 628 2478 A
660 2438 704 2478 la
735 2437 853 2478 suite
889 2437 949 2477 du
987 2436 1105 2487 titre,
1137 2436 1272 2476 d'une
1301 2442 1430 2475 autre
1464 2433 1589 2474 main
1618 2445 1627 2476 ε

309 2520 329 2545 «
357 2505 394 2545 A
421 2505 559 2546 fratre
584 2504 873 2558 Archangelo
894 2504 1165 2558 Burgonovo
1192 2501 1467 2556 placentino.
1493 2517 1510 2540 n
