1906 2984
702 289 972 334 -133—

565 458 776 512 QUARTA
797 471 1087 502 corzoeusm.

233 554 484 599 Miracula
529 555 721 600 Christi
759 569 849 598 non
889 553 1080 598 ratione
1118 553 1193 597 rei
1218 552 1372 612 facte,
1405 551 1489 596 sed

181 629 371 673 ratione
406 628 537 673 modi
560 628 802 688 faciendi,
830 627 1103 673 divinitatis
1142 635 1486 690 argumentum

179 703 505 748 certissimum
538 712 663 747 sunt.

571 826 768 879 QmNTA
796 836 1085 868 CONcLUSIo

232 928 403 991 Magis
429 928 699 989 improprie
722 927 905 972 dicitur
928 926 985 970 de
1002 926 1107 970 Deo
1119 923 1246 985 quod
1259 932 1325 968 szt
1352 920 1487 966 i-ntel

175 1001 323 1047 lectus
355 1002 428 1048 vel
464 1002 757 1064 intelligens,
785 1014 930 1061 quam
961 999 1018 1043 de
1048 1013 1215 1043 amma
1250 996 1488 1042 rationali

175 1075 300 1137 quod
321 1076 385 1121 sit
408 1076 626 1139 angelus

595 1191 759 1236 SEXTA
784 1202 1074 1235 CONCLUSIO.

233 1295 408 1343 Nichil
444 1294 678 1357 intelligit
712 1302 822 1339 actu
849 1301 895 1337 et
925 1292 1153 1338 distincte
1180 1291 1361 1347 anima,
1392 1291 1488 1336 nisi

174 1372 401 1431 seipsam.

236 1518 432 1573 Quibus
463 1517 664 1576 quidem
696 1532 782 1563 sex
813 1515 1225 1563 conclusionibus
1266 1514 1317 1559 in
1351 1513 1485 1559 dicto

174 1592 348 1652 papiro
396 1591 658 1651 descriptis
708 1592 768 1637 de
813 1592 1067 1647 mandato,
1119 1605 1177 1635 ex
1231 1587 1485 1634 communi

175 1664 535 1711 deliberatione
566 1664 874 1724 prefatorum
903 1664 1224 1709 dominorum
1251 1660 1485 1707 commis-

175 1739 291 1785 sarii
313 1749 360 1784 et
386 1739 739 1798 deputatorum
766 1738 978 1797 receptis
1005 1752 1093 1798 per
1127 1752 1202 1782 me
1233 1735 1485 1781 notarium

174 1813 432 1873 publicum
457 1812 845 1872 infrascriptum.
884 1812 963 1857 die
993 1810 1244 1856 dominica
1277 1825 1326 1854 XI
1353 1810 1484 1868 ejus-

175 1888 288 1932 dem
314 1886 515 1944 mensis,
544 1887 604 1931 de
630 1887 866 1932 mandato
893 1896 940 1931 et
973 1884 1336 1930 deliberatione
1371 1897 1484 1942 pre—

177 1962 460 2019 missorum,
503 1962 554 2006 in
588 1962 807 2006 secunda
840 1961 945 2006 sala
990 1959 1169 2006 Palatii
1202 1957 1482 2018 apostolici,

177 2036 350 2092 Rome,
391 2036 524 2095 apud
563 2036 801 2081 Sanctum
838 2036 1059 2093 Petrum,
1087 2034 1250 2079 eidem
1278 2031 1484 2077 domino

173 2109 389 2154 Johanni
412 2110 582 2155 comiti
608 2108 905 2154 manualiter
929 2108 1112 2155 tradidi
1140 2118 1187 2153 et
1219 2105 1485 2166 assignavi,

173 2183 489 2242 presentibus
508 2183 694 2228 famulo
712 2197 802 2228 suo
816 2183 1100 2243 etpluribus
1116 2181 1225 2227 aliis
1237 2179 1482 2240 personis.

234 2329 296 2375 Et
321 2330 517 2389 deinde,
545 2330 624 2376 die
653 2330 769 2377 lune
794 2330 858 2390 xij
882 2340 928 2376 et
953 2329 1123 2374 martis
1150 2327 1232 2387 xiij
1262 2325 1484 2387 ejusdem

172 2404 356 2461 mensis
390 2405 578 2465 marcii,
606 2404 919 2465 congregatis
953 2404 1015 2448 ad
1051 2402 1264 2448 invicem
1296 2400 1348 2445 in
1370 2413 1483 2459 pre-

1240 2505 1261 2539 8
