1906 2984
902 301 1139 345 ...70-

426 413 533 463 Des
561 412 692 478 qu'il
718 424 868 476 recut
908 411 959 462 la
993 411 1244 462 nouvelle
1271 413 1344 463 du
1387 413 1573 480 de'part
1613 414 1678 463 de

361 493 455 545 Pic
477 510 619 561 pour
656 494 962 560 l'etranger,
990 493 1040 543 le
1081 509 1218 560 pape
1245 509 1392 544 sema
1432 495 1497 545 de
1536 494 1679 544 brefs

357 575 731 627 d’arrestation
774 576 851 626 les
890 589 1074 626 routes
1119 592 1224 642 que
1250 576 1475 642 pouvait
1500 576 1678 627 suivre

354 658 404 708 le
430 657 762 726 philosophe
798 657 991 725 relapS.
1023 658 1290 724 L'eveque
1318 658 1382 708 de
1426 659 1678 725 Lucques

357 757 424 790 en
449 752 601 807 recut
641 756 743 803 un,
785 738 940 803 maiS,
971 739 1160 789 absent
1202 739 1266 789 de
1307 755 1408 789 son
1443 739 1678 800 diocese,

357 821 395 871 il
421 838 487 872 ne
509 835 607 889 put
632 821 763 872 faire
787 825 1032 872 exe'cuter
1058 821 1136 871 les
1176 822 1362 872 ordres
1389 822 1454 872 de
1483 823 1677 883 Rome,

357 916 407 954 et
429 920 486 954 sa
521 904 674 954 lettre
702 903 996 969 d’excuseS,
1026 905 1132 953 tres
1160 902 1404 969 humble,
1435 920 1575 954 nous
1603 916 1682 955 est

1644 986 1656 1005 1

359 1002 631 1054 parvenue
669 985 804 1036 dans
844 1002 919 1036 un
962 984 1261 1036 manuscrit
1301 985 1365 1036 de
1409 984 1606 1037 Venise
1667 1026 1678 1037 .

356 1198 529 1243 gerant.
577 1190 749 1231 Idcirco
787 1190 1106 1231 sanctissimus
1149 1191 1354 1244 pontifex
1395 1191 1682 1245 significabat

358 1269 439 1310 per
465 1268 603 1298 suum
625 1256 761 1298 breve
783 1257 981 1310 qualiter
1006 1257 1085 1298 illa
1110 1258 1264 1298 omnia
1292 1265 1418 1311 gesta
1443 1267 1611 1310 essent,
1638 1268 1682 1300 et

358 1322 395 1362 si
423 1322 478 1362 ad
519 1322 877 1363 Universitatem
905 1323 1189 1364 declinarent
1226 1323 1293 1363 illi
1329 1324 1462 1365 Picus
1501 1332 1543 1364 et
1566 1324 1680 1365 Cor-

358 1389 470 1438 dier,
491 1388 945 1442 deprehenderentur
966 1397 1188 1443 tanquam
1211 1389 1413 1430 heretici.
1429 1391 1594 1432 Lectus
1614 1400 1682 1432 est

358 1464 513 1497 autem
535 1467 780 1508 processus
806 1464 848 1495 et
870 1455 998 1497 bulla
1023 1468 1161 1509 super
1179 1468 1340 1496 eorum
1367 1458 1680 1511 condemnap-

358 1522 495 1563 tione.
524 1522 579 1563 Et
609 1522 799 1575 quidam
821 1522 1277 1575 magisterAntonius
1307 1523 1480 1573 Flores,
1508 1525 1680 1565 utrius-

357 1599 447 1641 que
474 1587 587 1640 juris
612 1588 785 1637 doctor,
820 1588 1019 1628 nuncius
1053 1588 1349 1641 apostolicus,
1385 1590 1509 1640 juxta
1544 1603 1676 1631 man—

358 1654 520 1694 datum
547 1653 853 1707 apostolicum
878 1654 925 1693 in
951 1662 1199 1707 conspectu
1234 1654 1554 1696 Universitatis
1583 1669 1681 1697 rem

359 1728 535 1773 gestam
591 1720 808 1770 narravit,
864 1719 1220 1774 fulminavitque
1276 1733 1543 1774 processum
1592 1723 1678 1763 sub

358 1786 540 1840 magnis
563 1786 693 1839 penis
713 1794 755 1826 et
776 1787 997 1837 censuris,
1018 1795 1111 1827 tam
1132 1796 1290 1828 contra
1314 1788 1437 1841 ipsos
1457 1788 1682 1830 hereticos

361 1866 503 1907 quam
539 1865 703 1894 eorum
751 1861 1069 1906 receptatores.
1114 1876 1163 1883 —
1203 1854 1496 1907 Responsum
1537 1856 1683 1896 extitit

361 1920 485 1973 quod
516 1920 726 1973 placebat
755 1932 914 1973 parere
939 1920 1170 1961 mandatis
1196 1922 1475 1974 apostolicis,
1497 1930 1540 1962 et
1557 1923 1681 1975 quod

361 1987 493 2039 copia
522 1986 780 2028 litterarum
807 1987 928 2039 apud
957 1987 1313 2028 Universitatem
1342 1998 1612 2038 remaneret,
1641 1999 1684 2030 et

361 2053 484 2106 quod
528 2053 810 2094 Universitas
854 2054 1069 2106 cupiebat
1105 2054 1274 2095 habere
1323 2056 1681 2096 declarationem

364 2120 750 2173 propositionum,
776 2128 825 2161 ut
851 2120 986 2161 sciret
1007 2134 1031 2161 a
1063 2121 1234 2175 quibus
1256 2123 1391 2162 malis
1421 2134 1579 2163 cavere
1603 2124 1681 2163 de-

363 2187 513 2238 beret;
540 2199 649 2226 narn
679 2187 936 2240 periculum
973 2188 1082 2228 satis
1110 2188 1244 2228 vitari
1273 2201 1364 2228 non
1395 2197 1559 2241 potest,
1592 2189 1680 2229 nisi

363 2254 698 2307 precognitum.
728 2268 747 2292 »
763 2276 814 2284 —
832 2254 961 2295 Cette
986 2255 1077 2295 tres
1099 2256 1324 2308 prudente
1350 2253 1541 2308 re'ponse
1567 2264 1633 2295 est
1656 2256 1679 2295 ὲι

360 2328 504 2360 noter.
524 2344 573 2350 —
594 2321 706 2374 Voy.
735 2321 839 2374 plus
866 2321 963 2372 bas,
983 2322 1248 2375 Appendice
1272 2323 1325 2372 V,
1342 2335 1372 2362 1.

420 2399 459 2426 1.
483 2387 552 2427 Cf.
576 2388 630 2428 L.
656 2388 815 2439 Dorez,
840 2388 970 2429 Sulla
996 2394 1175 2430 cattura
1199 2388 1246 2430 di
1275 2389 1453 2440 Pico...,
1481 2389 1562 2429 loc.
1589 2388 1679 2437 cit.‚

363 2465 405 2504 p.
435 2451 533 2506 275.
