<?xml version="1.0" encoding="UTF-8"?>
<!DOCTYPE html PUBLIC "-//W3C//DTD XHTML 1.0 Transitional//EN"
    "http://www.w3.org/TR/xhtml1/DTD/xhtml1-transitional.dtd">
<html xmlns="http://www.w3.org/1999/xhtml" xml:lang="en" lang="en">
 <head>
  <title>
</title>
<meta http-equiv="Content-Type" content="text/html;charset=utf-8" />
  <meta name='ocr-system' content='tesseract 3.04.00' />
  <meta name='ocr-capabilities' content='ocr_page ocr_carea ocr_par ocr_line ocrx_word'/>
</head>
<body>
  <div class='ocr_page' id='page_1' title='image "./picdelamirandole00dore_0130.png"; bbox 0 0 1906 2984; ppageno 0'>
   <div class='ocr_carea' id='block_1_1' title="bbox 916 331 1187 361">
    <p class='ocr_par' dir='ltr' id='par_1_1' title="bbox 916 331 1187 361">
     <span class='ocr_line' id='line_1_1' title="bbox 916 331 1187 361; baseline 0.004 -1"><span class='ocrx_word' id='word_1_1' title='bbox 916 331 1187 361; x_wconf 83' lang='lat'><strong>—122—</strong></span> 
     </span>
    </p>
   </div>
   <div class='ocr_carea' id='block_1_2' title="bbox 384 436 1711 1246">
    <p class='ocr_par' dir='ltr' id='par_1_2' title="bbox 384 436 1711 1246">
     <span class='ocr_line' id='line_1_2' title="bbox 388 436 1710 490; baseline 0.001 -1"><span class='ocrx_word' id='word_1_2' title='bbox 388 443 624 489; x_wconf 90' lang='lat' dir='ltr'>dominus</span> <span class='ocrx_word' id='word_1_3' title='bbox 650 442 907 488; x_wconf 89' lang='lat' dir='ltr'>Johannes</span> <span class='ocrx_word' id='word_1_4' title='bbox 926 436 1095 487; x_wconf 89' lang='lat' dir='ltr'>comes</span> <span class='ocrx_word' id='word_1_5' title='bbox 1123 441 1313 488; x_wconf 90' lang='lat' dir='ltr'>eisdem</span> <span class='ocrx_word' id='word_1_6' title='bbox 1335 443 1552 489; x_wconf 91' lang='lat' dir='ltr'>dominis</span> <span class='ocrx_word' id='word_1_7' title='bbox 1579 458 1710 490; x_wconf 90' lang='lat' dir='ltr'>com-</span> 
     </span>
     <span class='ocr_line' id='line_1_3' title="bbox 388 515 1709 577; baseline 0.002 -15"><span class='ocrx_word' id='word_1_8' title='bbox 388 517 619 563; x_wconf 84' lang='lat' dir='ltr'>missario</span> <span class='ocrx_word' id='word_1_9' title='bbox 669 528 716 563; x_wconf 92' lang='lat' dir='ltr'>et</span> <span class='ocrx_word' id='word_1_10' title='bbox 760 515 869 561; x_wconf 91' lang='lat' dir='ltr'>aliis</span> <span class='ocrx_word' id='word_1_11' title='bbox 918 515 1167 576; x_wconf 89' lang='lat' dir='ltr'>deputatis</span> <span class='ocrx_word' id='word_1_12' title='bbox 1214 517 1453 576; x_wconf 85' lang='lat' dir='ltr'>predictis</span> <span class='ocrx_word' id='word_1_13' title='bbox 1493 532 1582 577; x_wconf 90' lang='lat' dir='ltr'>per</span> <span class='ocrx_word' id='word_1_14' title='bbox 1617 518 1709 564; x_wconf 91' lang='lat' dir='ltr'>hec</span> 
     </span>
     <span class='ocr_line' id='line_1_4' title="bbox 387 590 1710 652; baseline 0 -15"><span class='ocrx_word' id='word_1_15' title='bbox 387 593 538 637; x_wconf 80' lang='lat' dir='ltr'>verba</span> <span class='ocrx_word' id='word_1_16' title='bbox 582 590 829 648; x_wconf 85' lang='lat' dir='ltr'>formalia,</span> <span class='ocrx_word' id='word_1_17' title='bbox 882 604 971 649; x_wconf 89' lang='lat' dir='ltr'>per</span> <span class='ocrx_word' id='word_1_18' title='bbox 1019 605 1097 636; x_wconf 91' lang='lat' dir='ltr'>me</span> <span class='ocrx_word' id='word_1_19' title='bbox 1147 591 1399 636; x_wconf 91' lang='lat' dir='ltr'>notarium</span> <span class='ocrx_word' id='word_1_20' title='bbox 1449 592 1710 652; x_wconf 92' lang='lat' dir='ltr'>publicum</span> 
     </span>
     <span class='ocr_line' id='line_1_5' title="bbox 384 664 1708 722; baseline 0 -11"><span class='ocrx_word' id='word_1_21' title='bbox 384 667 571 711; x_wconf 84' lang='lat' dir='ltr'>ibidem</span> <span class='ocrx_word' id='word_1_22' title='bbox 597 675 852 722; x_wconf 88' lang='lat' dir='ltr'>annotata,</span> <span class='ocrx_word' id='word_1_23' title='bbox 869 664 1127 710; x_wconf 85' lang='lat' dir='ltr'>videlicet:</span> <span class='ocrx_word' id='word_1_24' title='bbox 1152 683 1172 707; x_wconf 88' lang='lat'>«</span> <span class='ocrx_word' id='word_1_25' title='bbox 1202 665 1354 720; x_wconf 93' lang='lat' dir='ltr'>Quod</span> <span class='ocrx_word' id='word_1_26' title='bbox 1387 680 1535 711; x_wconf 91' lang='lat' dir='ltr'>nemo</span> <span class='ocrx_word' id='word_1_27' title='bbox 1561 666 1708 712; x_wconf 86' lang='lat' dir='ltr'>intel-</span> 
     </span>
     <span class='ocr_line' id='line_1_6' title="bbox 386 739 1710 801; baseline -0.001 -15"><span class='ocrx_word' id='word_1_28' title='bbox 386 741 507 801; x_wconf 85' lang='lat' dir='ltr'>ligat</span> <span class='ocrx_word' id='word_1_29' title='bbox 552 755 612 785; x_wconf 80' lang='lat' dir='ltr'>ex</span> <span class='ocrx_word' id='word_1_30' title='bbox 655 740 749 785; x_wconf 91' lang='lat' dir='ltr'>hac</span> <span class='ocrx_word' id='word_1_31' title='bbox 789 739 1118 785; x_wconf 85' lang='lat' dir='ltr'>conclusione</span> <span class='ocrx_word' id='word_1_32' title='bbox 1160 739 1327 785; x_wconf 84' lang='lat' dir='ltr'>dicere</span> <span class='ocrx_word' id='word_1_33' title='bbox 1369 755 1446 785; x_wconf 91' lang='lat' dir='ltr'>me</span> <span class='ocrx_word' id='word_1_34' title='bbox 1492 740 1710 785; x_wconf 90' lang='lat' dir='ltr'>animam</span> 
     </span>
     <span class='ocr_line' id='line_1_7' title="bbox 389 814 1711 861; baseline -0.001 -1"><span class='ocrx_word' id='word_1_35' title='bbox 389 815 576 861; x_wconf 90' lang='lat' dir='ltr'>Christi</span> <span class='ocrx_word' id='word_1_36' title='bbox 602 830 705 860; x_wconf 94' lang='lat' dir='ltr'>non</span> <span class='ocrx_word' id='word_1_37' title='bbox 738 814 1059 861; x_wconf 86' lang='lat' dir='ltr'>descendisse</span> <span class='ocrx_word' id='word_1_38' title='bbox 1098 815 1159 860; x_wconf 91' lang='lat' dir='ltr'>ad</span> <span class='ocrx_word' id='word_1_39' title='bbox 1193 814 1382 860; x_wconf 89' lang='lat' dir='ltr'>inferos</span> <span class='ocrx_word' id='word_1_40' title='bbox 1420 825 1467 861; x_wconf 92' lang='lat' dir='ltr'>et</span> <span class='ocrx_word' id='word_1_41' title='bbox 1493 815 1711 861; x_wconf 91' lang='lat' dir='ltr'>animam</span> 
     </span>
     <span class='ocr_line' id='line_1_8' title="bbox 387 887 1707 947; baseline -0.001 -12"><span class='ocrx_word' id='word_1_42' title='bbox 387 889 576 935; x_wconf 88' lang='lat' dir='ltr'>Christi</span> <span class='ocrx_word' id='word_1_43' title='bbox 625 889 677 935; x_wconf 93' lang='lat' dir='ltr'>in</span> <span class='ocrx_word' id='word_1_44' title='bbox 719 888 965 947; x_wconf 75' lang='lat' dir='ltr'>tri(tilduo</span> <span class='ocrx_word' id='word_1_45' title='bbox 1016 903 1118 933; x_wconf 92' lang='lat' dir='ltr'>non</span> <span class='ocrx_word' id='word_1_46' title='bbox 1173 887 1327 935; x_wconf 86' lang='lat' dir='ltr'>fuisse</span> <span class='ocrx_word' id='word_1_47' title='bbox 1379 888 1431 934; x_wconf 90' lang='lat' dir='ltr'>in</span> <span class='ocrx_word' id='word_1_48' title='bbox 1482 888 1707 946; x_wconf 84' lang='lat' dir='ltr'>inferno3</span> 
     </span>
     <span class='ocr_line' id='line_1_9' title="bbox 385 963 1710 1025; baseline 0 -16"><span class='ocrx_word' id='word_1_49' title='bbox 385 979 555 1025; x_wconf 87' lang='lat' dir='ltr'>ymmo</span> <span class='ocrx_word' id='word_1_50' title='bbox 619 974 890 1023; x_wconf 90' lang='lat' dir='ltr'>utrumque</span> <span class='ocrx_word' id='word_1_51' title='bbox 950 963 1214 1020; x_wconf 91' lang='lat' dir='ltr'>confiteor,</span> <span class='ocrx_word' id='word_1_52' title='bbox 1262 964 1349 1008; x_wconf 91' lang='lat' dir='ltr'>sed</span> <span class='ocrx_word' id='word_1_53' title='bbox 1404 963 1517 1009; x_wconf 94' lang='lat' dir='ltr'>dico</span> <span class='ocrx_word' id='word_1_54' title='bbox 1573 964 1710 1024; x_wconf 91' lang='lat' dir='ltr'>quod</span> 
     </span>
     <span class='ocr_line' id='line_1_10' title="bbox 387 1037 1709 1099; baseline -0.001 -14"><span class='ocrx_word' id='word_1_55' title='bbox 387 1054 552 1099; x_wconf 90' lang='lat' dir='ltr'>neque</span> <span class='ocrx_word' id='word_1_56' title='bbox 578 1048 743 1084; x_wconf 90' lang='lat' dir='ltr'>motus</span> <span class='ocrx_word' id='word_1_57' title='bbox 775 1037 951 1083; x_wconf 88' lang='lat' dir='ltr'>localis</span> <span class='ocrx_word' id='word_1_58' title='bbox 979 1051 1141 1097; x_wconf 90' lang='lat' dir='ltr'>neque</span> <span class='ocrx_word' id='word_1_59' title='bbox 1170 1037 1353 1083; x_wconf 87' lang='lat' dir='ltr'>alicubi</span> <span class='ocrx_word' id='word_1_60' title='bbox 1387 1038 1543 1083; x_wconf 91' lang='lat' dir='ltr'>locari</span> <span class='ocrx_word' id='word_1_61' title='bbox 1571 1053 1709 1084; x_wconf 90' lang='lat' dir='ltr'>com-</span> 
     </span>
     <span class='ocr_line' id='line_1_11' title="bbox 384 1111 1711 1175; baseline 0 -16"><span class='ocrx_word' id='word_1_62' title='bbox 384 1113 510 1175; x_wconf 89' lang='lat' dir='ltr'>petit</span> <span class='ocrx_word' id='word_1_63' title='bbox 563 1112 712 1159; x_wconf 91' lang='lat' dir='ltr'>alicui</span> <span class='ocrx_word' id='word_1_64' title='bbox 772 1111 1063 1157; x_wconf 90' lang='lat' dir='ltr'>substancie</span> <span class='ocrx_word' id='word_1_65' title='bbox 1121 1123 1363 1172; x_wconf 88' lang='lat' dir='ltr'>separate,</span> <span class='ocrx_word' id='word_1_66' title='bbox 1425 1112 1554 1159; x_wconf 90' lang='lat' dir='ltr'>sicut</span> <span class='ocrx_word' id='word_1_67' title='bbox 1606 1123 1711 1160; x_wconf 86' lang='lat' dir='ltr'>erat</span> 
     </span>
     <span class='ocr_line' id='line_1_12' title="bbox 390 1185 1557 1246; baseline -0.003 -13"><span class='ocrx_word' id='word_1_68' title='bbox 390 1187 555 1234; x_wconf 87' lang='lat' dir='ltr'>anima</span> <span class='ocrx_word' id='word_1_69' title='bbox 582 1187 769 1233; x_wconf 89' lang='lat' dir='ltr'>Christi</span> <span class='ocrx_word' id='word_1_70' title='bbox 792 1186 843 1232; x_wconf 91' lang='lat' dir='ltr'>in</span> <span class='ocrx_word' id='word_1_71' title='bbox 870 1201 921 1232; x_wconf 85' lang='lat' dir='ltr'>se</span> <span class='ocrx_word' id='word_1_72' title='bbox 948 1185 1152 1232; x_wconf 86' lang='lat' dir='ltr'>racione</span> <span class='ocrx_word' id='word_1_73' title='bbox 1179 1185 1505 1246; x_wconf 88' lang='lat' dir='ltr'>operationis.</span> <span class='ocrx_word' id='word_1_74' title='bbox 1538 1204 1557 1228; x_wconf 86' lang='lat'>»</span> 
     </span>
    </p>
   </div>
   <div class='ocr_carea' id='block_1_3' title="bbox 595 1307 1498 1353">
    <p class='ocr_par' dir='ltr' id='par_1_3' title="bbox 595 1307 1498 1353">
     <span class='ocr_line' id='line_1_13' title="bbox 595 1307 1498 1353; baseline -0.004 0"><span class='ocrx_word' id='word_1_75' title='bbox 595 1307 831 1353; x_wconf 76' lang='lat' dir='ltr'>SECUNDA</span> <span class='ocrx_word' id='word_1_76' title='bbox 855 1320 1129 1352; x_wconf 83' lang='lat' dir='ltr'>CONCLUSIO</span> <span class='ocrx_word' id='word_1_77' title='bbox 1158 1319 1498 1350; x_wconf 83' lang='lat' dir='ltr'>DECLARANDA.</span> 
     </span>
    </p>
   </div>
   <div class='ocr_carea' id='block_1_4' title="bbox 377 1409 1710 2517">
    <p class='ocr_par' dir='ltr' id='par_1_4' title="bbox 384 1409 1709 1622">
     <span class='ocr_line' id='line_1_14' title="bbox 450 1409 1709 1472; baseline -0.002 -14"><span class='ocrx_word' id='word_1_78' title='bbox 450 1413 684 1459; x_wconf 88' lang='lat' dir='ltr'>Secunda</span> <span class='ocrx_word' id='word_1_79' title='bbox 733 1424 824 1469; x_wconf 91' lang='lat' dir='ltr'>est,</span> <span class='ocrx_word' id='word_1_80' title='bbox 875 1412 1011 1471; x_wconf 90' lang='lat' dir='ltr'>quod</span> <span class='ocrx_word' id='word_1_81' title='bbox 1051 1421 1302 1472; x_wconf 90' lang='lat' dir='ltr'>«peccato</span> <span class='ocrx_word' id='word_1_82' title='bbox 1344 1409 1543 1455; x_wconf 89' lang='lat' dir='ltr'>mortali</span> <span class='ocrx_word' id='word_1_83' title='bbox 1582 1409 1709 1456; x_wconf 90' lang='lat' dir='ltr'>finiti</span> 
     </span>
     <span class='ocr_line' id='line_1_15' title="bbox 386 1484 1709 1548; baseline -0.004 -15"><span class='ocrx_word' id='word_1_84' title='bbox 386 1487 627 1548; x_wconf 91' lang='lat' dir='ltr'>temporis</span> <span class='ocrx_word' id='word_1_85' title='bbox 655 1502 756 1532; x_wconf 92' lang='lat' dir='ltr'>non</span> <span class='ocrx_word' id='word_1_86' title='bbox 791 1487 1000 1532; x_wconf 89' lang='lat' dir='ltr'>debetur</span> <span class='ocrx_word' id='word_1_87' title='bbox 1025 1499 1153 1546; x_wconf 90' lang='lat' dir='ltr'>pena</span> <span class='ocrx_word' id='word_1_88' title='bbox 1196 1484 1392 1531; x_wconf 90' lang='lat' dir='ltr'>infinita</span> <span class='ocrx_word' id='word_1_89' title='bbox 1432 1485 1709 1530; x_wconf 91' lang='lat' dir='ltr'>secundum</span> 
     </span>
     <span class='ocr_line' id='line_1_16' title="bbox 384 1560 1165 1622; baseline -0.004 -13"><span class='ocrx_word' id='word_1_90' title='bbox 384 1574 598 1622; x_wconf 90' lang='lat' dir='ltr'>tempus,</span> <span class='ocrx_word' id='word_1_91' title='bbox 628 1562 716 1607; x_wconf 90' lang='lat' dir='ltr'>sed</span> <span class='ocrx_word' id='word_1_92' title='bbox 742 1560 882 1606; x_wconf 91' lang='lat' dir='ltr'>finita</span> <span class='ocrx_word' id='word_1_93' title='bbox 904 1571 1098 1606; x_wconf 89' lang='lat' dir='ltr'>tantum</span> <span class='ocrx_word' id='word_1_94' title='bbox 1126 1578 1165 1606; x_wconf 86' lang='lat'>».</span> 
     </span>
    </p>

    <p class='ocr_par' dir='ltr' id='par_1_5' title="bbox 377 1633 1710 2517">
     <span class='ocr_line' id='line_1_17' title="bbox 443 1633 1710 1697; baseline -0.004 -15"><span class='ocrx_word' id='word_1_95' title='bbox 443 1637 522 1682; x_wconf 90' lang='lat' dir='ltr'>Ad</span> <span class='ocrx_word' id='word_1_96' title='bbox 569 1636 711 1697; x_wconf 88' lang='lat' dir='ltr'>cujus</span> <span class='ocrx_word' id='word_1_97' title='bbox 757 1634 1101 1681; x_wconf 90' lang='lat' dir='ltr'>conclusionis</span> <span class='ocrx_word' id='word_1_98' title='bbox 1135 1635 1537 1681; x_wconf 89' lang='lat' dir='ltr'>declaracionem</span> <span class='ocrx_word' id='word_1_99' title='bbox 1575 1633 1710 1679; x_wconf 89' lang='lat' dir='ltr'>idem</span> 
     </span>
     <span class='ocr_line' id='line_1_18' title="bbox 377 1706 1710 1770; baseline -0.002 -14"><span class='ocrx_word' id='word_1_100' title='bbox 377 1711 622 1756; x_wconf 34' lang='lat' dir='ltr'>‘dominus</span> <span class='ocrx_word' id='word_1_101' title='bbox 661 1710 918 1756; x_wconf 89' lang='lat' dir='ltr'>Johannes</span> <span class='ocrx_word' id='word_1_102' title='bbox 948 1723 1116 1754; x_wconf 92' lang='lat' dir='ltr'>comes</span> <span class='ocrx_word' id='word_1_103' title='bbox 1145 1709 1303 1755; x_wconf 88' lang='lat' dir='ltr'>eciam</span> <span class='ocrx_word' id='word_1_104' title='bbox 1331 1724 1419 1770; x_wconf 91' lang='lat' dir='ltr'>per</span> <span class='ocrx_word' id='word_1_105' title='bbox 1449 1706 1710 1768; x_wconf 87' lang='lat' dir='ltr'>sequentia</span> 
     </span>
     <span class='ocr_line' id='line_1_19' title="bbox 385 1782 1708 1845; baseline -0.003 -14"><span class='ocrx_word' id='word_1_106' title='bbox 385 1786 537 1831; x_wconf 79' lang='lat' dir='ltr'>verba</span> <span class='ocrx_word' id='word_1_107' title='bbox 563 1785 793 1831; x_wconf 88' lang='lat' dir='ltr'>formalia</span> <span class='ocrx_word' id='word_1_108' title='bbox 817 1783 1092 1845; x_wconf 88' lang='lat' dir='ltr'>respondit,</span> <span class='ocrx_word' id='word_1_109' title='bbox 1113 1784 1375 1830; x_wconf 78' lang='lat' dir='ltr'>videlicet:</span> <span class='ocrx_word' id='word_1_110' title='bbox 1400 1802 1419 1827; x_wconf 85' lang='lat'>«</span> <span class='ocrx_word' id='word_1_111' title='bbox 1446 1783 1570 1829; x_wconf 91' lang='lat' dir='ltr'>Dico</span> <span class='ocrx_word' id='word_1_112' title='bbox 1593 1782 1708 1838; x_wconf 89' lang='lat' dir='ltr'>hoc,</span> 
     </span>
     <span class='ocr_line' id='line_1_20' title="bbox 387 1859 1708 1920; baseline -0.004 -15"><span class='ocrx_word' id='word_1_113' title='bbox 387 1860 525 1919; x_wconf 91' lang='lat' dir='ltr'>quod</span> <span class='ocrx_word' id='word_1_114' title='bbox 551 1859 591 1905; x_wconf 92' lang='lat' dir='ltr'>si</span> <span class='ocrx_word' id='word_1_115' title='bbox 616 1859 795 1919; x_wconf 89' lang='lat' dir='ltr'>aliquis</span> <span class='ocrx_word' id='word_1_116' title='bbox 817 1859 1158 1920; x_wconf 79' lang='lat' dir='ltr'>perseverabit</span> <span class='ocrx_word' id='word_1_117' title='bbox 1181 1869 1376 1905; x_wconf 89' lang='lat' dir='ltr'>tantum</span> <span class='ocrx_word' id='word_1_118' title='bbox 1400 1872 1489 1918; x_wconf 91' lang='lat' dir='ltr'>per</span> <span class='ocrx_word' id='word_1_119' title='bbox 1512 1868 1708 1915; x_wconf 89' lang='lat' dir='ltr'>tempus</span> 
     </span>
     <span class='ocr_line' id='line_1_21' title="bbox 385 1931 1709 1994; baseline -0.004 -14"><span class='ocrx_word' id='word_1_120' title='bbox 385 1935 584 1981; x_wconf 89' lang='lat' dir='ltr'>finitum</span> <span class='ocrx_word' id='word_1_121' title='bbox 623 1934 674 1979; x_wconf 92' lang='lat' dir='ltr'>in</span> <span class='ocrx_word' id='word_1_122' title='bbox 705 1945 912 1994; x_wconf 90' lang='lat' dir='ltr'>peccato</span> <span class='ocrx_word' id='word_1_123' title='bbox 954 1933 1171 1992; x_wconf 85' lang='lat' dir='ltr'>mortali,</span> <span class='ocrx_word' id='word_1_124' title='bbox 1204 1933 1287 1979; x_wconf 93' lang='lat' dir='ltr'>ille</span> <span class='ocrx_word' id='word_1_125' title='bbox 1329 1948 1431 1978; x_wconf 92' lang='lat' dir='ltr'>non</span> <span class='ocrx_word' id='word_1_126' title='bbox 1471 1931 1709 1992; x_wconf 88' lang='lat' dir='ltr'>punietur</span> 
     </span>
     <span class='ocr_line' id='line_1_22' title="bbox 385 2007 1708 2068; baseline -0.002 -14"><span class='ocrx_word' id='word_1_127' title='bbox 385 2009 480 2054; x_wconf 91' lang='lat' dir='ltr'>nisi</span> <span class='ocrx_word' id='word_1_128' title='bbox 502 2023 592 2068; x_wconf 92' lang='lat' dir='ltr'>per</span> <span class='ocrx_word' id='word_1_129' title='bbox 614 2019 812 2068; x_wconf 91' lang='lat' dir='ltr'>ternpus</span> <span class='ocrx_word' id='word_1_130' title='bbox 839 2008 1053 2066; x_wconf 88' lang='lat' dir='ltr'>finitum,</span> <span class='ocrx_word' id='word_1_131' title='bbox 1075 2019 1122 2055; x_wconf 93' lang='lat' dir='ltr'>et</span> <span class='ocrx_word' id='word_1_132' title='bbox 1147 2009 1243 2054; x_wconf 92' lang='lat' dir='ltr'>hoc</span> <span class='ocrx_word' id='word_1_133' title='bbox 1268 2007 1594 2068; x_wconf 83' lang='lat' dir='ltr'>intelligendo</span> <span class='ocrx_word' id='word_1_134' title='bbox 1619 2020 1708 2066; x_wconf 92' lang='lat' dir='ltr'>per</span> 
     </span>
     <span class='ocr_line' id='line_1_23' title="bbox 384 2082 1705 2145; baseline -0.002 -15"><span class='ocrx_word' id='word_1_135' title='bbox 384 2095 581 2144; x_wconf 88' lang='lat' dir='ltr'>tempus</span> <span class='ocrx_word' id='word_1_136' title='bbox 602 2099 705 2129; x_wconf 93' lang='lat' dir='ltr'>non</span> <span class='ocrx_word' id='word_1_137' title='bbox 725 2085 887 2130; x_wconf 89' lang='lat' dir='ltr'>solum</span> <span class='ocrx_word' id='word_1_138' title='bbox 906 2095 1103 2145; x_wconf 91' lang='lat' dir='ltr'>tempus</span> <span class='ocrx_word' id='word_1_139' title='bbox 1118 2083 1212 2139; x_wconf 86' lang='lat' dir='ltr'>vie,</span> <span class='ocrx_word' id='word_1_140' title='bbox 1227 2084 1314 2129; x_wconf 88' lang='lat' dir='ltr'>sed</span> <span class='ocrx_word' id='word_1_141' title='bbox 1328 2082 1403 2128; x_wconf 84' lang='lat' dir='ltr'>vie</span> <span class='ocrx_word' id='word_1_142' title='bbox 1428 2092 1475 2128; x_wconf 92' lang='lat' dir='ltr'>et</span> <span class='ocrx_word' id='word_1_143' title='bbox 1488 2082 1705 2128; x_wconf 89' lang='lat' dir='ltr'>termini.</span> 
     </span>
     <span class='ocr_line' id='line_1_24' title="bbox 387 2156 1708 2219; baseline -0.001 -17"><span class='ocrx_word' id='word_1_144' title='bbox 387 2158 438 2203; x_wconf 87' lang='lat' dir='ltr'>Si</span> <span class='ocrx_word' id='word_1_145' title='bbox 467 2157 600 2203; x_wconf 90' lang='lat' dir='ltr'>enim</span> <span class='ocrx_word' id='word_1_146' title='bbox 620 2159 679 2204; x_wconf 93' lang='lat' dir='ltr'>de</span> <span class='ocrx_word' id='word_1_147' title='bbox 698 2170 923 2219; x_wconf 88' lang='lat' dir='ltr'>ternpore</span> <span class='ocrx_word' id='word_1_148' title='bbox 946 2158 1022 2204; x_wconf 89' lang='lat' dir='ltr'>vie</span> <span class='ocrx_word' id='word_1_149' title='bbox 1049 2157 1371 2218; x_wconf 81' lang='lat' dir='ltr'>intelligatur,</span> <span class='ocrx_word' id='word_1_150' title='bbox 1401 2156 1521 2202; x_wconf 92' lang='lat' dir='ltr'>dicit</span> <span class='ocrx_word' id='word_1_151' title='bbox 1545 2167 1708 2202; x_wconf 88' lang='lat' dir='ltr'>totum</span> 
     </span>
     <span class='ocr_line' id='line_1_25' title="bbox 386 2230 1706 2292; baseline -0.002 -15"><span class='ocrx_word' id='word_1_152' title='bbox 386 2232 692 2291; x_wconf 91' lang='lat' dir='ltr'>oppositum.</span> <span class='ocrx_word' id='word_1_153' title='bbox 725 2233 787 2279; x_wconf 86' lang='lat' dir='ltr'>Et</span> <span class='ocrx_word' id='word_1_154' title='bbox 821 2233 882 2278; x_wconf 90' lang='lat' dir='ltr'>ad</span> <span class='ocrx_word' id='word_1_155' title='bbox 921 2232 1273 2292; x_wconf 89' lang='lat' dir='ltr'>perfectiorem</span> <span class='ocrx_word' id='word_1_156' title='bbox 1310 2230 1706 2277; x_wconf 88' lang='lat' dir='ltr'>declaracionem</span> 
     </span>
     <span class='ocr_line' id='line_1_26' title="bbox 386 2305 1705 2367; baseline -0.001 -16"><span class='ocrx_word' id='word_1_157' title='bbox 386 2306 749 2366; x_wconf 90' lang='lat' dir='ltr'>conclusionis,</span> <span class='ocrx_word' id='word_1_158' title='bbox 794 2307 908 2353; x_wconf 90' lang='lat' dir='ltr'>dico</span> <span class='ocrx_word' id='word_1_159' title='bbox 940 2307 1077 2367; x_wconf 90' lang='lat' dir='ltr'>quod</span> <span class='ocrx_word' id='word_1_160' title='bbox 1103 2322 1217 2352; x_wconf 91' lang='lat' dir='ltr'>curn</span> <span class='ocrx_word' id='word_1_161' title='bbox 1254 2305 1461 2352; x_wconf 85' lang='lat' dir='ltr'>veritate</span> <span class='ocrx_word' id='word_1_162' title='bbox 1499 2305 1705 2350; x_wconf 92' lang='lat' dir='ltr'>conclu-</span> 
     </span>
     <span class='ocr_line' id='line_1_27' title="bbox 386 2379 1703 2441; baseline 0 -17"><span class='ocrx_word' id='word_1_163' title='bbox 386 2379 544 2426; x_wconf 87' lang='lat' dir='ltr'>sionis</span> <span class='ocrx_word' id='word_1_164' title='bbox 581 2392 675 2428; x_wconf 91' lang='lat' dir='ltr'>stat</span> <span class='ocrx_word' id='word_1_165' title='bbox 700 2381 795 2428; x_wconf 91' lang='lat' dir='ltr'>ista</span> <span class='ocrx_word' id='word_1_166' title='bbox 820 2381 1024 2440; x_wconf 82' lang='lat' dir='ltr'>veritas,</span> <span class='ocrx_word' id='word_1_167' title='bbox 1054 2381 1192 2441; x_wconf 89' lang='lat' dir='ltr'>quod</span> <span class='ocrx_word' id='word_1_168' title='bbox 1220 2379 1431 2441; x_wconf 88' lang='lat' dir='ltr'>quilibet</span> <span class='ocrx_word' id='word_1_169' title='bbox 1457 2379 1703 2425; x_wconf 90' lang='lat' dir='ltr'>decedens</span> 
     </span>
     <span class='ocr_line' id='line_1_28' title="bbox 385 2454 1704 2517; baseline -0.003 -13"><span class='ocrx_word' id='word_1_170' title='bbox 385 2457 436 2504; x_wconf 92' lang='lat' dir='ltr'>in</span> <span class='ocrx_word' id='word_1_171' title='bbox 475 2467 681 2517; x_wconf 84' lang='lat' dir='ltr'>peccato</span> <span class='ocrx_word' id='word_1_172' title='bbox 718 2455 917 2503; x_wconf 88' lang='lat' dir='ltr'>mortali</span> <span class='ocrx_word' id='word_1_173' title='bbox 957 2455 1193 2517; x_wconf 90' lang='lat' dir='ltr'>punietur</span> <span class='ocrx_word' id='word_1_174' title='bbox 1226 2454 1278 2501; x_wconf 93' lang='lat' dir='ltr'>in</span> <span class='ocrx_word' id='word_1_175' title='bbox 1311 2465 1554 2501; x_wconf 88' lang='lat' dir='ltr'>eternum.</span> <span class='ocrx_word' id='word_1_176' title='bbox 1585 2471 1604 2497; x_wconf 91' lang='lat'>»</span> <span class='ocrx_word' id='word_1_177' title='bbox 1642 2455 1704 2500; x_wconf 86' lang='lat' dir='ltr'>Et</span> 
     </span>
    </p>
   </div>
  </div>
 </body>
</html>
