1906 2984
843 248 1118 292 —150—

313 376 490 421 Vestre
514 383 561 420 et
591 374 773 419 Sancte
802 371 947 419 Sedis
970 372 1282 433 Apostolice,
1311 383 1358 419 et
1389 384 1445 419 ut
1471 384 1639 420 essent

316 448 435 495 boni
460 447 657 508 pugiles
680 447 797 493 fidei
821 446 1068 494 catholice
1093 458 1244 508 prout
1264 447 1513 507 professio
1534 448 1636 494 exi-

313 524 477 585 gebat,
507 533 554 568 et
587 522 745 568 multa
779 521 990 580 similia3
1020 532 1066 567 et
1103 522 1164 567 de
1198 521 1436 567 omnibus
1464 522 1636 583 rogavi

313 595 566 641 notarium
595 606 643 642 et
667 606 818 642 testes
851 595 922 640 ibi
943 607 1220 655 presentes.
1248 596 1637 655 Responderunt

313 670 451 730 quod
470 669 736 716 obedirent
771 669 1037 716 Sanctitati
1062 671 1239 717 Vestre
1262 680 1310 717 et
1339 671 1476 730 quod
1506 671 1638 717 vole-

313 745 433 790 bant
459 744 644 790 habere
687 745 972 804 exemplum
1014 744 1296 791 litterarum
1324 744 1376 790 in
1413 744 1636 791 archivio

313 834 420 877 suo,
455 830 502 865 et
534 819 765 866 venirent
797 820 860 865 ad
886 835 979 866 nos
1007 835 1157 881 super
1191 819 1446 880 aliquibus
1469 820 1638 866 decla-

311 893 594 940 rationibus
621 895 650 938 ¹.

373 986 392 1011 «
423 968 608 1027 Hodie,
645 984 741 1028 que
779 968 872 1015 fuit
905 969 1012 1015 dies
1041 985 1117 1029 29.
1147 968 1394 1030 presentis
1429 969 1634 1028 mensis,

310 1042 448 1089 venit
488 1044 550 1088 ad
586 1058 679 1089 nos
712 1055 882 1090 orator
916 1043 1057 1089 ducis
1097 1042 1392 1101 Mediolani,
1427 1054 1474 1089 et
1510 1043 1636 1091 dixit

311 1117 758 1178 quodimprudens
791 1129 1111 1178 peccaverat3
1143 1117 1373 1164 nesciens
1401 1119 1539 1178 quod
1573 1119 1633 1164 de

310 1192 479 1252 aliqua
514 1192 678 1238 heresi
706 1203 838 1239 esset
865 1204 1086 1251 notatus,
1121 1192 1474 1239 intercesserat
1499 1194 1633 1253 apud

309 1280 475 1327 regem
496 1267 633 1326 quod
649 1282 817 1313 comes
835 1268 911 1313 Jo.
929 1267 1313 1313 Mirandulanus
1333 1267 1633 1313 liberaretur

309 1355 336 1385 a
378 1341 597 1387 Domino
627 1341 853 1401 Bressie3
893 1352 942 1388 et
984 1357 1098 1388 cum
1133 1341 1379 1388 Dominus
1433 1341 1631 1387 Bressie

308 1417 513 1462 duceret
540 1430 654 1461 eum
689 1430 860 1462 secum
885 1416 984 1461 huc
1028 1416 1296 1476 captivum,
1325 1416 1507 1461 iterum
1539 1431 1630 1476 pro

307 1490 418 1551 ipso
446 1501 725 1536 accesserat
752 1492 816 1536 ad
838 1505 1029 1552 regem3
1060 1501 1107 1536 et
1134 1492 1450 1552 Majestatem
1479 1491 1632 1537 Suam

309 1565 495 1611 dixisse
531 1565 750 1610 Domino
787 1565 973 1612 bailivo
1013 1567 1261 1613 Meldensi
1295 1565 1346 1611 in
1379 1580 1550 1611 aurem
1579 1578 1634 1614 ut

308 1640 402 1685 sibi
423 1640 750 1699 responderet
769 1655 862 1686 nos
886 1642 946 1686 de
966 1641 1100 1688 dicto
1125 1643 1320 1688 Joanne
1343 1642 1632 1701 alloquutos

305 1715 459 1760 fuisse
479 1714 844 1761 Celsitudinem
859 1717 1013 1761 Suam
1031 1728 1288 1777 tamquam
1310 1717 1370 1762 de
1390 1716 1629 1763 hereticO.

307 1791 369 1835 Et
391 1800 658 1849 propterea
675 1790 909 1836 veniebat
928 1791 990 1836 ad
1014 1806 1122 1849 nos,
1141 1791 1258 1851 quia
1278 1791 1470 1837 sciebat
1490 1791 1632 1836 Illus-

303 1864 583 1909 trissimum
607 1864 882 1909 Dominum
925 1881 1072 1911 suum
1103 1881 1211 1912 esse
1242 1867 1432 1911 bonum
1458 1866 1632 1912 catho-

304 1939 456 1984 licum
497 1950 544 1983 et
581 1939 820 1983 devotum
860 1940 1042 1986 Sancte
1087 1940 1232 1986 Sedis
1269 1940 1546 2000 apostolice
1584 1951 1632 1985 et

306 2012 599 2059 Sanctitatis
617 2013 812 2070 Vestre,
835 2013 1008 2074 etipse
1033 2029 1236 2075 quoque
1265 2025 1369 2061 erat
1395 2014 1630 2060 inimicus

304 2087 658 2133 hereticorum.
704 2088 820 2132 Non
854 2087 1183 2135 instruximus
1223 2104 1337 2135 eum
1371 2090 1430 2135 de
1466 2089 1629 2134 omni-

305 2163 427 2217 bus3
449 2161 814 2206 nihilhominus
834 2162 1044 2222 addidit,
1060 2163 1099 2208 si
1120 2164 1217 2209 huc
1236 2164 1443 2222 venerit,
1465 2163 1631 2223 appel-

304 2235 428 2282 labit
453 2236 517 2281 ad
556 2235 748 2282 curiam
775 2236 1100 2295 Parlamenti,
1124 2250 1170 2284 et
1196 2254 1273 2285 res
1299 2238 1380 2285 hic
1415 2238 1508 2285 erit
1532 2238 1628 2285 hoc

361 2405 394 2431 1.
424 2391 534 2432 Voir
556 2393 660 2445 plus
686 2393 813 2444 haut,
841 2406 956 2448 page
979 2392 1052 2449 69,
1075 2403 1181 2435 notc
1213 2409 1247 2436 1.
