1906 2984
511 778 749 809 LETTRE
794 763 1240 813 D’ALEsSANDRo
1285 779 1557 812 CORTESE

604 857 636 888 A
666 856 743 888 P1c
776 857 839 887 DE
875 857 935 888 LA
969 857 1259 888 MIRANDOLE
1297 843 1457 903 (1487)

367 1035 659 1082 Alexander
686 1035 943 1083 Cortesz'zcs
979 1036 1164 1083 Joanni
1189 1037 1309 1082 Pico
1334 1036 1696 1084 Mirandulano

955 1112 1009 1156 S.
1047 1111 1110 1156 D.

427 1237 534 1284 Etsi
558 1237 793 1296 frequens
827 1237 985 1297 prius,
1017 1237 1134 1284 Pice
1177 1237 1470 1296 clarissime,
1507 1238 1696 1299 ingenii

364 1312 437 1358 tui
464 1311 676 1373 gloriam
695 1311 988 1370 admiratus,
1012 1313 1149 1372 quod
1171 1312 1319 1373 longe
1346 1313 1547 1372 lateque
1571 1313 1696 1358 cele-

367 1388 613 1443 braretur,
640 1396 808 1430 tamen
842 1400 957 1431 cum
983 1386 1035 1432 in
1062 1386 1277 1431 Galliam
1302 1386 1509 1432 visende
1536 1386 1694 1447 gratia

367 1459 633 1507 Provincie
680 1461 1061 1519 contenderem,
1109 1461 1284 1506 eodem
1322 1461 1476 1507 ferme
1515 1461 1694 1507 itinere

366 1551 466 1596 quo
486 1545 540 1580 tu
560 1549 692 1579 anno
713 1545 828 1580 ante
841 1535 1098 1594 profectus
1119 1535 1300 1591 fueras,
1316 1535 1384 1581 ita
1399 1535 1555 1582 multa
1571 1536 1630 1581 de
1645 1546 1693 1582 te

363 1609 551 1671 passim
582 1609 674 1668 tui,
702 1608 785 1669 qui
823 1608 956 1654 idem
992 1609 1131 1654 fuere
1161 1608 1258 1654 mei
1285 1609 1509 1669 hospites
1537 1620 1696 1656 rettu-

364 1685 546 1741 lerunt,
577 1693 632 1728 ut
673 1698 732 1728 ex
768 1683 855 1728 illo
894 1683 1113 1743 ceperim
1147 1682 1304 1743 magis
1342 1683 1601 1743 magisque
1642 1684 1694 1730 in

363 1757 471 1802 dies
497 1757 656 1803 teneri
680 1757 931 1803 desiderio
957 1757 1315 1803 tui.Ardebam
1338 1758 1471 1803 enim
1497 1758 1693 1819 jampri-

363 1832 477 1877 dem
513 1832 816 1892 compellare
851 1843 898 1878 te
935 1832 974 1877 si
995 1832 1198 1892 quando
1222 1832 1365 1878 locus
1391 1843 1522 1878 esset
1542 1844 1590 1879 et
1615 1848 1693 1879 ve-

361 1920 441 1952 ras
469 1906 644 1951 audire
662 1916 709 1951 et
728 1906 936 1951 reddere
948 1921 1096 1953 voces
1111 1923 1121 1965 3
1135 1907 1397 1967 presertim
1414 1923 1527 1953 cum
1544 1909 1692 1968 pauci

363 1981 639 2026 admodum
663 1979 755 2026 viri
790 1991 957 2027 essent
983 1992 1128 2027 aetate
1156 1992 1327 2028 nostra
1352 1982 1533 2028 virtute
1571 1983 1691 2028 clari

362 2070 490 2114 quos
517 2070 619 2099 non
643 2064 877 2114 appetere
903 2056 1036 2101 ultro
1062 2067 1211 2116 atque
1239 2056 1379 2101 affari
1406 2058 1691 2103 consuevis-

362 2144 484 2186 sem,
522 2143 741 2188 quorum
787 2139 841 2175 tu
884 2130 1116 2190 princeps
1165 2130 1391 2176 omnium
1440 2146 1690 2176 consensu

361 2203 506 2249 facile
539 2203 798 2248 haberere.
829 2204 928 2249 Sed
954 2219 1013 2249 eo
1046 2215 1094 2250 te
1131 2204 1477 2250 vehementius
1519 2205 1690 2265 cupie-

363 2278 494 2335 bam,
517 2277 655 2338 quod
670 2292 784 2323 cum
801 2278 1033 2324 Galeotto
1054 2278 1175 2324 olim
1194 2279 1244 2324 in
1259 2278 1496 2325 Ethruria
1514 2278 1565 2324 in
1587 2294 1691 2325 cas-

360 2350 470 2411 tris,
497 2363 546 2399 et
582 2367 716 2400 nunc
757 2352 810 2399 in
848 2354 986 2399 Urbe
1028 2368 1142 2399 cum
1170 2353 1413 2412 Antoni0,
1450 2352 1688 2399 fratribus
