1906 2984
932 270 1205 314 —108—

400 395 756 457 panagyricam
795 395 924 454 (sic),
965 409 1117 453 quarn
1144 394 1259 439 divo
1307 393 1577 439 Laurentio
1623 394 1730 438 Me-

401 471 502 516 dici
545 485 705 530 nuper
747 469 1010 529 scripsisti,
1054 469 1249 514 mittere
1291 483 1392 513 non
1426 468 1729 529 gravaberis,

401 559 460 590 eo
513 544 607 591 tibi
659 559 737 590 me
786 542 1034 589 beneficio
1083 542 1334 603 obligabis
1389 553 1445 588 ut
1496 542 1730 602 quotiens

401 617 594 677 aliquid
621 633 845 663 mearum
871 617 935 662 ad
967 626 1014 662 te
1041 615 1265 662 dederim
1284 615 1604 676 ineptiarum,
1628 631 1731 661 non

401 704 696 752 arroganter
730 691 935 752 quidem
968 690 1147 748 facere,
1178 691 1266 736 sed
1292 690 1530 735 maluisse
1558 691 1732 735 credar

398 766 722 826 prudentiam
762 765 813 810 in
843 779 921 810 me
965 779 1114 824 quarn
1148 763 1275 824 grati
1315 763 1470 808 animi
1510 763 1732 809 officium

404 839 696 885 desiderari.
725 839 824 884 Sed
851 838 1000 884 nimis
1035 838 1248 884 fortasse
1279 837 1592 882 familiariter
1618 852 1731 882 cum

399 914 553 960 latine
572 914 799 975 principe
822 913 1115 974 juventutis.
1145 914 1210 958 At
1241 923 1295 959 tu
1329 912 1425 958 hoc
1463 911 1610 972 genio
1636 912 1731 956 im-

404 1001 544 1049 puta,
573 989 658 1049 qui
686 990 747 1034 de
781 1000 828 1034 te
867 988 990 1034 mihi
1031 987 1287 1033 omniaita
1321 987 1449 1032 belle
1475 986 1733 1046 portendit

398 1074 454 1109 ut
492 1064 590 1122 jam
635 1077 713 1109 nie
757 1078 861 1108 non
900 1063 1105 1122 pudeat,
1154 1062 1232 1108 vel
1280 1061 1436 1107 invita
1485 1060 1729 1118 Minerva,

399 1137 597 1183 mittere
618 1138 688 1197 (ut
713 1137 910 1196 dicitur)
937 1137 1119 1196 γλαυκᾶς
1149 1136 1372 1191 Ἀθήναξε.
1399 1134 1538 1180 Nihil
1563 1146 1731 1180 tamen

399 1226 622 1257 moveor.
656 1211 901 1257 Perfricui
933 1211 1148 1257 frontem
1184 1222 1232 1256 et
1269 1225 1346 1256 me
1381 1209 1728 1265 adhortatur&

397 1287 641 1342 πλατωνική
659 1286 1110 1345 φιλανθρωπία,ςυῇυ5
1124 1299 1174 1330 es
1196 1284 1728 1331 studiosissimus.Oro

400 1359 552 1420 igitur
570 1375 648 1405 me
666 1375 801 1405 ames
822 1370 1061 1418 certoque
1079 1359 1206 1404 scias
1223 1359 1285 1404 ad
1301 1374 1543 1404 summam
1560 1358 1728 1403 omnia

400 1435 642 1495 opinione
669 1450 818 1495 posse
847 1435 1035 1495 augeri,
1058 1435 1145 1480 sed
1173 1449 1334 1480 meam
1353 1434 1404 1479 in
1430 1444 1478 1479 te
1501 1433 1727 1479 affectio-

400 1524 515 1555 nem
542 1510 787 1570 majorem
812 1524 920 1556 esse
956 1524 1106 1569 quam
1133 1508 1329 1569 opinari
1354 1523 1525 1568 queas.
1545 1508 1668 1552 Vale
1696 1508 1724 1551 ¹.

459 1715 494 1742 1.
515 1703 579 1743 La
601 1702 793 1763 reponse
817 1703 872 1743 dc
892 1703 969 1743 Pie
1001 1714 1047 1743 se
1077 1710 1235 1743 trouve
1262 1702 1375 1742 dans
1406 1703 1446 1742 le
1478 1702 1645 1742 recueil
1673 1701 1728 1740 de

401 1783 473 1812 ses
495 1771 732 1824 Epistola’,
762 1780 808 1811 11⁰
832 1785 903 1823 41.
