1906 2984
666 267 932 311 —163—

769 613 841 661 VI

230 826 422 857 LETTRE
458 812 788 856 DPfiDICATOIRE
823 826 883 855 DE
916 826 1062 856 SIMON
1097 826 1158 855 DE
1193 827 1376 856 PHARES

525 899 589 929 AU
624 900 707 929 ROI
740 899 960 929 CHARLES
993 900 1077 929 VIII

204 1055 280 1100 Au
312 1063 410 1100 tres
448 1053 600 1111 hault,
629 1062 728 1099 tres
757 1054 985 1114 puissant
1010 1062 1055 1098 et
1090 1062 1189 1098 tres
1228 1053 1462 1098 clzristien

148 1143 244 1190 roy
281 1128 339 1174 de
377 1128 572 1173 France
609 1127 817 1174 charles
856 1128 1114 1173 huitiesme
1146 1126 1203 1172 de
1242 1141 1294 1172 ce
1333 1141 1461 1183 nom,

144 1217 229 1248 son
265 1202 524 1248 souverain
559 1202 791 1264 seigneur
837 1210 884 1246 et
930 1201 1139 1255 maurel,
1167 1202 1357 1261 Symon
1408 1200 1465 1245 de

145 1276 353 1333 Phares‚
380 1290 466 1321 son
489 1275 683 1320 humble
707 1275 1007 1338 astrologien
1026 1283 1072 1320 et
1089 1274 1328 1320 obe'issant
1351 1274 1463 1320 sub-

135 1350 240 1411 ject
265 1358 310 1394 et
329 1349 590 1408 serviteur,
618 1349 810 1394 humble
836 1348 1301 1394 recommandation.

207 1424 343 1468 Pour
376 1438 431 1468 ce
457 1438 553 1482 que
587 1438 778 1469 aucuns
813 1423 1123 1468 detracteurs
1152 1422 1390 1482 ignorans
1417 1431 1464 1466 et

145 1511 236 1556 par
262 1512 317 1543 ce
345 1497 570 1543 ennemis
599 1498 658 1543 de
692 1497 739 1542 la
766 1497 962 1543 science
993 1497 1053 1542 de
1080 1496 1351 1556 astrologie
1378 1506 1466 1540 ont

149 1571 568 1618 sedicieusement
585 1571 736 1616 voulu
757 1586 936 1631 arguet·
950 1572 1009 1617 de
1031 1570 1366 1631 supersticion
1385 1584 1467 1614 au-

146 1660 270 1690 cuns
293 1659 397 1690 mes
423 1645 572 1691 Ilvres
603 1644 870 1690 toutesfois
888 1655 1153 1704 purement
1169 1644 1377 1690 traitans
1404 1643 1464 1688 de

148 1718 194 1763 la
221 1718 416 1764 seience
440 1719 500 1763 de
519 1718 807 1779 astrologie‚
829 1729 876 1764 et
895 1734 990 1778 que
1009 1718 1103 1778 j'ay
1121 1732 1349 1778 eongneu
1368 1732 1464 1776 que

146 1807 237 1851 par
261 1792 463 1852 ignorer
497 1792 545 1837 la
578 1793 764 1852 grande
803 1792 1072 1837 differance
1105 1791 1190 1851 qui
1221 1802 1295 1836 est
1328 1802 1464 1837 entre

149 1866 300 1911 ladite
342 1880 488 1926 vraye
536 1866 730 1911 science
772 1867 832 1911 de
870 1865 1139 1926 astrologie
1178 1876 1225 1910 et
1274 1865 1344 1909 les
1387 1879 1464 1908 ars

149 1938 474 1985 divinatoires
494 1950 541 1984 et
561 1939 938 1999 supersticieux,
958 1939 1196 1984 venoient
1215 1938 1464 1997 plusieurs

149 2028 296 2073 grans
356 2023 404 2058 et
462 2027 728 2058 ennormes
773 2013 935 2057 abbuz
998 2027 1063 2057 ou
1122 2026 1360 2072 royaume
1404 2012 1464 2056 de

150 2089 359 2142 ance,
387 2087 481 2146 j'ay
506 2087 658 2132 voulu
695 2087 952 2146 employer
983 2102 1102 2131 mon
1127 2086 1250 2145 petit
1290 2097 1464 2131 enten-

150 2162 350 2207 dement
389 2162 416 2204 ὲι
466 2175 590 2206 vous
636 2160 756 2205 faire
805 2175 859 2205 ce
906 2171 1108 2220 present
1136 2161 1462 2217 ELUCIDAIRE‚

148 2249 278 2294 pour
317 2249 442 2281 vous
491 2246 740 2281 monstret·
788 2246 836 2281 et
877 2234 1070 2280 donner
1117 2233 1388 2279 clerement
1437 2248 1465 2277 a

151 2309 471 2369 congnoistre
506 2320 553 2356 et
594 2311 620 2354 ὲ
664 2309 828 2355 iceulx
867 2309 1173 2354 detracteurs
1214 2318 1466 2353 comment

151 2382 420 2444 astrologie
447 2392 521 2430 est
559 2398 708 2444 vraye
734 2383 947 2441 science‚
975 2383 1106 2428 l'une
1139 2382 1226 2428 des
1253 2393 1361 2442 sept
1386 2397 1464 2427 ars
