1906 2984
703 335 974 380 -109-

818 562 865 609 II

191 731 384 761 LETTRE
411 716 691 760 D'ERMOLAO
724 727 946 759 BARBARO
968 728 997 757 A
1023 725 1250 757 ROBERTO
1285 723 1502 756 SALVIATI

655 817 700 876 (4
732 831 861 861 mars
890 815 1042 874 1487.)

251 964 558 1010 Hermolaus
582 963 838 1009 Barbarus
863 962 1075 1007 Roberto
1100 959 1336 1006 Salviato.

254 1040 466 1084 Litteras
506 1049 616 1084 tuas
657 1037 912 1096 voluptate
952 1049 1130 1094 magna
1165 1034 1275 1092 lego
1310 1046 1506 1092 semper

196 1112 415 1171 quidem,
460 1112 546 1157 sed
594 1125 717 1170 quas
764 1110 826 1155 ad
865 1123 943 1154 me
981 1118 1260 1167 postremas
1305 1103 1503 1163 dedisti,

195 1186 423 1231 maxima.
453 1187 569 1230 Non
594 1195 696 1230 tam
733 1185 869 1243 quod
905 1182 1027 1228 mihi
1061 1181 1277 1227 reditum
1311 1179 1506 1225 incolu-

196 1274 325 1305 mem
353 1270 399 1305 et
424 1260 576 1305 decus
604 1269 833 1318 equestre
866 1256 1146 1318 gratularis,
1185 1269 1335 1315 quarn
1372 1253 1509 1313 quod

195 1334 341 1379 video
378 1332 648 1378 amicitiam
672 1343 719 1378 te
754 1331 906 1377 semel
944 1331 1119 1376 initam
1149 1338 1438 1375 constanter
1463 1337 1510 1373 et

197 1417 366 1452 sancte
392 1406 573 1451 colere.
602 1406 757 1465 Cujus
784 1405 987 1465 quidem
1016 1404 1088 1450 rei
1120 1403 1323 1449 nomine
1351 1416 1509 1461 quan-

194 1490 300 1526 tum
329 1479 511 1525 debere
535 1479 627 1525 tibi
660 1494 738 1524 me
766 1479 994 1537 sentiam,
1024 1478 1105 1524 vix
1130 1487 1204 1523 est
1228 1487 1284 1523 ut
1312 1474 1512 1534 assequi

197 1551 462 1611 cogitando
493 1550 752 1609 sufficiam,
773 1552 958 1597 nedum
980 1561 1035 1596 ut
1057 1550 1304 1610 explicare
1322 1547 1512 1608 possim

197 1625 428 1670 dicendo.
451 1624 580 1670 Illud
603 1623 811 1670 mirifice
834 1639 910 1669 me
930 1624 1161 1681 delectat,
1183 1622 1319 1683 quod
1340 1623 1513 1667 Picum

200 1711 446 1758 nostrum,
475 1699 772 1745 eruditionis
796 1709 933 1745 tante
960 1699 1122 1745 virum
1148 1707 1386 1757 quantam
1412 1706 1514 1741 tam

199 1785 370 1821 tenera
395 1785 514 1820 aetas
540 1789 630 1819 nec
657 1789 829 1834 sapere
863 1788 954 1819 nec
986 1773 1112 1818 ferre
1144 1782 1327 1832 potest,
1353 1771 1514 1816 incre-

201 1848 343 1894 dibili
377 1848 543 1894 studio
577 1848 913 1908 prosequeris,
941 1848 1066 1893 adeo
1091 1857 1162 1903 ut,
1192 1845 1515 1905 quemadmo-

206 1922 325 1966 dum
352 1921 434 1966 ille
462 1922 620 1981 major
645 1921 746 1967 fere
773 1936 920 1981 quam
949 1921 1011 1966 sit
1044 1919 1170 1966 effici
1196 1935 1298 1965 non
1332 1927 1515 1978 potest,

203 1995 270 2042 ita
294 2005 347 2041 tu
370 1995 622 2040 hominem
646 1996 758 2055 plus
782 2010 946 2041 amare
966 2010 1115 2054 quam
1140 1994 1260 2039 facis
1279 2007 1516 2052 nequeas.

207 2070 353 2125 Quod
387 2084 503 2114 vero
552 2069 886 2129 noningentas
931 2084 1044 2115 eum
1081 2068 1368 2128 questiones
1400 2081 1518 2125 pro-

203 2142 433 2202 posuisse
462 2143 655 2200 scribis,
678 2144 739 2188 ad
760 2158 882 2202 quas
901 2143 952 2188 in
977 2142 1180 2203 publico
1200 2140 1517 2187 doctissimo-

205 2232 315 2261 rum
334 2217 594 2262 hominum
621 2232 862 2263 consessu
882 2217 1184 2277 respondere
1210 2226 1412 2276 paratus
1439 2212 1519 2270 sit,

208 2305 310 2335 non
329 2290 532 2350 quidem
550 2291 986 2337 achademicorum
1000 2289 1520 2351 peripateticorumve‚

209 2364 296 2409 sed
322 2365 504 2424 Gorgie
534 2365 768 2411 Leontini
804 2365 1123 2426 precellentis
1163 2362 1392 2409 doctrina
1431 2359 1524 2406 viri

208 2439 452 2498 exemplo,
493 2449 548 2485 ut
591 2455 689 2485 non
731 2440 900 2498 miror,
939 2440 1007 2487 ita
1043 2449 1175 2485 certe
1215 2437 1395 2493 laudo;
1424 2448 1524 2494 quo

1351 2548 1372 2582 7
