1906 2984
740 336 1005 380 —113—

220 475 328 520 ego,
358 459 441 519 qui
459 470 568 506 tuas
593 460 799 506 virtutes
826 459 1176 521 quantifariam
1201 460 1386 519 optime
1413 461 1532 505 mihi

220 549 330 579 sum
378 535 632 592 conscius,
674 535 822 595 longe
877 534 1137 581 honestius
1190 534 1359 594 putavi
1409 535 1533 579 nihil

220 609 280 653 de
330 618 377 653 te
426 609 508 665 (ut
551 609 610 653 de
660 608 993 668 Charthagine
1052 607 1213 667 inquit
1262 608 1530 664 Salustius)

221 696 369 740 quam
416 696 575 740 pauca
624 681 820 739 dicere3
871 697 974 727 rem
1032 682 1199 740 itaque
1261 681 1431 727 distuli
1483 682 1534 727 in

221 754 358 800 aliud
396 765 608 813 tempus,
652 766 699 799 et
743 755 946 814 quidem
987 770 1087 799 non
1134 765 1348 811 temere3
1399 756 1534 813 quod

220 828 312 873 feci
348 828 495 874 etiam
542 828 592 872 in
627 829 816 873 Joanne
855 828 988 874 Petri
1020 827 1290 884 Francisci,
1327 828 1405 872 cui
1445 843 1534 887 ego

222 913 461 961 quantum
495 902 704 947 debeam
736 917 882 947 nemo
917 902 1201 946 mortalium
1236 912 1307 946 est
1341 901 1425 960 qui
1455 916 1535 946 ne-

222 978 360 1023 sciat.
401 977 551 1031 Quod
587 991 704 1022 vero
745 977 805 1021 de
849 976 942 1021 ista
991 975 1274 1021 secessione
1325 976 1535 1020 Etrusca

222 1051 412 1105 scribis,
443 1051 650 1106 utinam,
678 1049 745 1093 mi
771 1049 904 1106 Pice,
933 1063 989 1093 ea
1019 1059 1248 1107 tempora
1274 1059 1454 1105 essent,
1482 1059 1536 1093 ut

221 1136 268 1170 et
290 1124 520 1169 secedere
552 1134 718 1169 tecum
752 1133 799 1168 et
825 1122 979 1168 ociari
1013 1122 1133 1167 mihi
1167 1122 1361 1168 liceret!
1388 1124 1533 1179 Nam,

221 1209 276 1243 ut
308 1197 569 1242 obmittam
601 1195 1015 1255 jucundissimam
1047 1206 1184 1240 tuam
1211 1195 1536 1240 consuetudi-

222 1286 352 1328 nem,
390 1270 507 1316 satis
553 1284 799 1329 superque
840 1269 1153 1314 fructuosum
1197 1279 1327 1314 esset
1368 1283 1536 1314 carere

222 1344 420 1389 interim
463 1354 539 1389 tot
578 1343 830 1401 monstris,
881 1358 1096 1402 quorum
1138 1343 1309 1400 vitam,
1355 1357 1534 1400 mores,

223 1417 478 1465 avaritiam
498 1417 713 1476 denique
741 1428 890 1477 atque
910 1417 1158 1477 ignaviam
1177 1416 1349 1462 audire
1369 1416 1537 1461 miser-

223 1493 402 1538 rimum
420 1502 561 1551 puto,
582 1492 767 1536 nedum
790 1491 1007 1552 perpeti3
1028 1505 1079 1536 se
1106 1491 1174 1536 ita
1193 1505 1243 1536 se
1269 1505 1347 1535 res
1370 1490 1537 1547 habet,

225 1565 419 1611 decrevi
446 1565 614 1610 omnia
632 1566 888 1623 devorare,
906 1565 1024 1610 dum
1047 1574 1131 1610 aut
1152 1579 1248 1624 pax
1266 1578 1367 1609 non
1387 1563 1539 1609 dubia

225 1650 310 1686 aut
345 1650 479 1685 certa
511 1654 647 1684 arma
681 1638 866 1684 alicubi
891 1638 1183 1695 effulserint,
1212 1652 1373 1697 neque
1408 1637 1540 1682 enirn

226 1714 295 1759 ita
328 1713 621 1770 multifacio,
657 1728 831 1758 verum
873 1713 1040 1773 potius
1080 1713 1200 1757 dum
1247 1712 1541 1758 alterutrum

229 1798 482 1846 sequatur,
525 1787 825 1847 ambiguitas
869 1787 962 1833 ista
1009 1796 1056 1832 et
1099 1801 1265 1832 rerum
1318 1785 1538 1830 omnium

228 1861 531 1906 incertitudo
564 1876 642 1906 me
679 1871 839 1917 necat,
868 1860 1093 1920 quamvis
1127 1861 1196 1918 (ut
1222 1859 1383 1905 dicam
1409 1859 1542 1918 quod

229 1935 405 1993 sentio)
434 1935 726 1994 jampridem
760 1934 1037 1980 existimem
1076 1949 1179 1980 non
1218 1933 1369 1978 modo
1404 1943 1541 1977 tran-

230 2008 461 2067 quillitati
479 2009 767 2054 huiusmodi
783 2008 1082 2053 misserrime
1098 2007 1272 2066 Italiae,
1290 2008 1376 2052 sed
1395 2006 1542 2051 saluti

231 2092 277 2126 et
313 2081 411 2126 vite
448 2082 833 2127 conclamatum.
862 2081 985 2126 Vale
1021 2081 1236 2138 interim,
1265 2080 1332 2125 mi
1360 2079 1539 2136 anime,

230 2165 276 2199 et
302 2170 394 2213 me,
419 2166 472 2202 ut
498 2156 646 2214 soles,
671 2170 797 2201 ama.
825 2157 996 2215 Rome,
1024 2171 1076 2200 111
1101 2170 1257 2201 nonas
1295 2153 1457 2213 julias.
