1906 2984
741 319 1007 364 —135—

214 444 404 489 domini
435 444 674 504 deputati,
710 459 879 490 coram
909 444 1102 504 prefato
1142 443 1347 489 domino
1390 458 1528 490 com-

214 517 459 575 missario,
475 518 726 564 communi
743 518 1110 564 deliberacione
1134 518 1364 564 dixerunt
1382 517 1528 563 infra-

216 592 400 652 scripta
425 594 592 649 verba,
634 592 899 640 videlicet:
935 611 953 635 α
984 594 1084 638 Ista
1123 591 1386 651 responsio
1425 606 1526 637 non

217 665 372 711 salvat
409 666 814 721 conclusionem3
841 680 1009 725 ymmo
1036 676 1265 725 utraque,
1294 665 1528 712 videlicet

216 738 474 784 conclusio
502 749 549 785 et
574 738 853 798 responsiO,
885 748 958 784 est
984 752 1209 784 erronea.
1240 755 1260 780 »

383 859 699 904 DECLARACIO
728 873 950 905 SECUNDE
987 873 1355 905 CONCLUSIONIS.

270 966 327 1011 Si
366 974 587 1011 teneatur
647 966 917 1011 communis
968 965 1064 1023 νιά,
1109 977 1221 1025 etc.‚
1260 977 1314 1013 ut
1358 982 1523 1028 supra.

277 1037 557 1098 Responsio
591 1038 782 1083 domini
828 1038 1071 1083 Johannis
1112 1039 1308 1085 comitis
1351 1054 1361 1084 :
1412 1058 1430 1082 «
1474 1041 1526 1086 Si

212 1113 344 1158 Deus
370 1122 535 1172 potest
572 1111 887 1171 suppositare
921 1112 1197 1171 quamlibet
1229 1124 1524 1171 creaturam,

208 1196 373 1245 potest
393 1185 702 1244 suppositare
723 1185 1063 1231 substanciam
1081 1186 1224 1246 panis
1242 1203 1252 1245 ;
1275 1203 1374 1246 quo
1393 1188 1525 1234 facto

209 1274 296 1318 per
345 1258 853 1305 communicationem
892 1259 1221 1320 ydiomatum,
1260 1260 1342 1306 ille
1381 1261 1525 1320 panis

209 1332 301 1378 erit
323 1347 436 1378 vere
465 1333 596 1378 Deus
622 1332 774 1378 homo
796 1349 806 1391 ;
835 1344 883 1380 et
907 1333 975 1379 ita
1001 1333 1126 1379 illud
1152 1335 1288 1393 quod
1315 1350 1342 1380 a
1364 1350 1525 1380 sacer-

208 1407 322 1452 dote
367 1406 649 1454 celebrante
698 1407 1010 1454 adorandum
1054 1408 1278 1468 erigitur,
1324 1409 1523 1454 adorari

205 1490 371 1539 potest
404 1480 705 1526 adoracione
737 1481 880 1527 latrie
906 1492 1110 1542 propter
1145 1483 1521 1543 ydemptitatem

209 1554 474 1614 suppositi.
501 1556 563 1601 Et
589 1555 684 1600 hoc
704 1555 931 1616 intelligo
957 1571 1046 1617 per
1069 1557 1329 1603 veritatem
1357 1572 1522 1603 sacra-

206 1626 377 1684 menti,
417 1638 464 1674 et
506 1627 634 1673 hanc
667 1628 955 1688 opinionem
986 1639 1325 1676 tractaverunt
1355 1629 1521 1690 magni

203 1715 317 1747 Vlrl.
347 1718 367 1743 »

352 1819 623 1864 RESPONSIO
664 1834 965 1866 DOMINORUM
1001 1836 1373 1868 DEPUTATORUM

392 1907 510 1938 HUIC
544 1906 870 1939 CONCLUSIONI
911 1909 973 1939 ET
1007 1910 1342 1941 RESPONSIONI.

269 1997 398 2053 Quia
443 2012 502 2042 ex
550 1998 645 2044 ista
692 1999 1018 2045 conclusione
1067 2001 1302 2047 dominus
1351 2018 1519 2049 comes

207 2071 419 2117 intendit
446 2072 582 2130 quod
602 2086 660 2117 ex
677 2087 806 2118 nova
826 2074 1164 2133 assumptione
1179 2076 1338 2135 panis,
1361 2087 1519 2123 stante

209 2145 496 2191 substancia
534 2145 693 2205 panis,
730 2157 902 2206 posset
947 2147 1124 2192 salvari
1162 2148 1342 2194 veritas
1383 2164 1518 2195 sacre

209 2218 521 2264 Eucharistie
581 2221 855 2265 secundum
914 2220 1281 2267 institutionem
1334 2223 1518 2270 Christi

208 2306 358 2350 quam
381 2302 518 2339 tenet
545 2293 787 2351 Ecclesia,
815 2294 997 2340 dicitur
1023 2296 1159 2354 quod
1194 2296 1287 2343 ista
1312 2298 1518 2343 conclu-

207 2364 281 2411 sio
308 2376 381 2412 est
406 2366 530 2413 falsa
556 2377 603 2415 et
628 2382 837 2415 erronea
862 2369 914 2414 in
937 2369 1052 2415 fide.
