1906 2984
868 300 1143 329 —112—·-

346 424 544 470 queque
571 409 784 454 maxime
819 409 1071 454 faciebant
1106 410 1345 456 timenda.
1368 412 1482 467 Quo
1509 411 1665 471 magis

345 485 467 529 libet
508 483 678 528 mirari
720 483 1117 544 magnitudinem
1158 484 1310 530 animi
1350 486 1441 543 tui,
1470 486 1554 545 qui
1595 495 1668 531 tot

346 557 729 603 difficultatibus
771 557 1158 616 circumventus,
1192 569 1265 604 tot
1297 559 1552 618 periculis,
1598 560 1669 605 ita

345 643 484 677 tuam
528 631 840 691 dignitatem,
885 632 954 677 ita
999 633 1350 678 auctoritatem
1386 644 1574 680 tutatus
1617 649 1668 679 es

347 705 490 765 quasi
511 716 778 751 veteranus
805 705 986 765 aliquis
1013 717 1059 752 et
1082 707 1132 752 in
1165 707 1472 767 excipiendis
1499 723 1671 754 caven-

346 780 524 839 disque
547 779 747 825 fortune
774 780 956 826 ictibus
976 782 1170 842 egregie
1191 782 1382 841 artifex,
1403 797 1505 827 non
1528 784 1670 842 quasi

347 853 644 899 adolescens
671 855 732 899 ab
758 854 964 900 ineunte
991 866 1135 901 aetate
1159 856 1211 901 in
1230 856 1334 902 otio
1361 856 1458 902 isto
1481 867 1528 902 et
1545 856 1672 903 litte-

348 927 478 973 raria
495 929 566 987 (ut
583 929 652 974 ita
674 928 853 989 dicam)
875 931 1055 976 umbra
1071 942 1315 977 versatus.
1336 932 1435 977 Sed
1457 931 1549 977 hec
1571 946 1671 991 quo

348 1001 513 1047 minus
539 1003 627 1047 abs
652 1013 699 1048 te
727 1005 1138 1064 expectabantur,
1166 1005 1258 1051 hec
1285 1016 1417 1052 certe
1443 1016 1493 1052 et
1517 1007 1671 1052 admi-

349 1075 589 1122 rabiliora
629 1086 677 1122 et
725 1077 1024 1137 jocundiora
1070 1090 1187 1125 sunt
1234 1080 1382 1125 nobis
1423 1091 1478 1126 ut
1517 1080 1671 1127 inter-

349 1151 469 1195 dum
494 1151 649 1197 libeat
673 1152 950 1198 exclamare
971 1153 1300 1200 christianum
1326 1154 1451 1200 illud
1479 1170 1488 1200 :
1512 1155 1674 1200 Foelix

350 1224 514 1284 culpa,
554 1239 650 1284 que
683 1236 878 1271 tantum
919 1227 1102 1273 meruit
1135 1229 1526 1288 redemptorem!
1561 1228 1673 1274 Nisi

351 1298 483 1343 enim
508 1298 768 1344 inimicitie
790 1299 882 1345 iste
909 1301 1328 1361 intercessissent,
1349 1303 1539 1349 litteras
1560 1313 1673 1349 tuas

352 1373 593 1419 sciremus
627 1389 764 1433 sane,
799 1387 855 1421 ut
895 1376 1104 1437 scimus3
1147 1379 1481 1425 constantiam
1520 1378 1674 1425 animi

353 1457 401 1492 et
444 1447 840 1507 magnitudinem
885 1450 1091 1496 omnino
1129 1452 1453 1498 nesciremus.
1485 1454 1584 1499 Sed
1613 1453 1674 1497 de

352 1519 429 1563 his
448 1519 706 1565 hactenus.
731 1523 880 1578 Quod
905 1538 1023 1568 vero
1044 1525 1106 1569 ad
1131 1524 1435 1585 epigramma
1459 1526 1676 1586 pertinet

352 1607 453 1652 quo
485 1603 533 1638 te
563 1593 688 1638 dicis
720 1594 1022 1654 fraudatum,
1054 1597 1145 1643 etsi
1181 1598 1501 1645 vehementer
1526 1601 1674 1646 doleo

352 1667 627 1713 desiderari
663 1671 752 1714 abs
790 1681 837 1716 te
872 1671 1078 1730 aliquod
1115 1672 1336 1718 officium
1368 1690 1553 1733 meum,
1596 1675 1674 1720 cui

352 1757 444 1802 pro
472 1758 667 1789 summa
705 1745 755 1789 in
794 1761 871 1790 me
906 1746 1218 1793 humanitate
1255 1760 1302 1794 et
1337 1749 1676 1795 benivolentia

354 1817 479 1861 nihil
536 1828 609 1863 est
665 1820 801 1878 quod
856 1836 959 1865 non
1013 1822 1192 1880 debeo,
1243 1833 1410 1868 tamen
1465 1824 1678 1869 delectat

354 1890 524 1935 nescio
553 1894 810 1950 quomodo
838 1895 1101 1954 requisitio
1132 1896 1227 1942 ista
1255 1908 1301 1942 et
1327 1897 1560 1957 frequens
1586 1898 1676 1943 fla-

352 1965 527 2024 gitatio
575 1977 691 2024 tua;
720 1982 882 2027 neque
928 1970 1060 2014 enim
1107 1970 1175 2016 ita
1211 1971 1538 2030 desiderares,
1582 1972 1678 2016 nisi

354 2038 503 2083 etiam
538 2040 829 2097 probares¹.
871 2044 943 2088 Ea
986 2059 1103 2089 vero
1141 2045 1343 2090 demum
1379 2058 1452 2091 est
1500 2055 1569 2104 (ut
1595 2047 1677 2091 ille

354 2112 532 2173 inquit)
578 2114 687 2160 laus
727 2131 843 2161 vera
883 2118 1078 2165 laudari
1116 2136 1143 2166 a
1179 2119 1384 2167 laudato
1424 2121 1548 2167 viro.
1580 2121 1679 2166 Sed

413 2296 426 2323 1
443 2314 452 2323 .
484 2281 820 2337 L’epigramme
843 2286 1096 2330 demande'e
1115 2303 1197 2344 par
1214 2291 1292 2332 Pic
1313 2305 1358 2332 se
1379 2293 1430 2332 lit
1448 2294 1594 2346 parmi
1615 2295 1679 2334 les

356 2349 600 2391 Alichaelis
635 2351 835 2393 Marulli
875 2354 918 2394 T
915 2356 1214 2410 arclzagnotoe
1253 2359 1600 2412 Epigrammata
1637 2367 1682 2402 et

358 2416 539 2469 Hymni
564 2417 874 2473 (Strasbourg‚
911 2421 1039 2478 1509,
1065 2424 1219 2478 in-4⁰)‚
1246 2424 1320 2466 fol.
1345 2438 1368 2466 e
1393 2439 1472 2467 1111.
