1906 2984
853 273 1123 332 „173-

332 397 501 455 noble,
521 398 621 443 tres
641 396 811 442 haulte
831 406 878 442 et
902 398 1004 442 tres
1031 396 1340 443 christianne
1368 397 1565 444 maison
1590 399 1652 445 de

333 472 541 528 France,
570 471 637 517 01¹1
664 470 936 531 astrologie
971 485 998 515 a
1039 472 1296 531 tousjours
1322 471 1450 532 flory
1475 473 1653 533 jusque

332 546 359 590 a
384 556 550 591 vostre
575 556 754 605 tempS,
777 560 971 591 comme
999 545 1072 591 dit
1093 556 1168 591 est
1195 556 1242 591 et
1268 559 1377 591 sera
1399 561 1458 606 cy
1484 548 1652 606 apres;

331 634 460 679 pour
500 634 555 665 ce
581 636 612 680 y
652 620 805 666 devez
845 619 1162 666 totallement
1186 619 1388 665 resistes
1421 630 1469 665 et
1496 635 1656 666 reme-

329 694 436 740 dier
462 709 523 740 en
562 694 819 741 abaissant
844 695 892 740 la
918 694 1270 740 desordonne'e
1297 695 1655 754 presumpcion

331 780 378 815 et
434 770 665 816 detravee
718 785 992 830 arrogance
1049 769 1238 815 desdits
1288 768 1544 829 ignorans,
1609 781 1656 816 et

331 859 527 890 comme
563 844 598 889 il
631 844 729 891 soit
762 859 859 904 que
900 859 1025 891 vous
1065 859 1236 904 aymez
1270 844 1656 890 naturellement

331 929 473 963 toute
494 930 636 964 vertu
663 930 711 965 et
734 918 930 964 science
960 929 1008 964 et
1033 929 1362 964 mesmement
1385 918 1433 962 la
1459 917 1655 963 science

331 993 391 1038 de
418 993 707 1053 astrologie,
734 1008 928 1039 comme
967 993 1090 1038 celle
1132 992 1197 1038 οὺ
1230 993 1342 1053 plus
1383 991 1565 1037 reluise
1610 991 1657 1036 la

330 1067 487 1127 gloire
532 1078 580 1114 et
625 1067 799 1113 infinie
847 1067 1113 1127 puissance
1159 1068 1219 1112 de
1263 1066 1416 1123 Dieu,
1462 1079 1657 1112 comme

328 1141 643 1202 tesmoingne
668 1142 713 1187 le
728 1142 1016 1187 Psalmiste:
1037 1160 1056 1184 «
1073 1140 1180 1186 Celi
1197 1152 1430 1187 enarrant
1447 1140 1659 1200 gloriam

332 1216 440 1262 Dei.
459 1217 557 1263 »Et
584 1216 802 1277 laquelle
829 1217 1221 1276 matiere‚quant
1245 1216 1292 1261 la
1308 1215 1570 1272 viendroit,
1589 1230 1660 1261 re-

331 1291 530 1351 queroit
548 1291 664 1336 bien
685 1290 859 1337 l’advis
886 1301 934 1336 et
960 1290 1303 1336 deliberacion
1322 1290 1382 1335 de
1404 1300 1568 1335 toutes
1588 1290 1660 1334 les

334 1365 643 1411 Universites
675 1366 736 1411 de
751 1364 1084 1422 Chrestiente'‚
1112 1375 1159 1410 et
1184 1363 1434 1425 generalle
1460 1378 1661 1423 congre-

329 1439 510 1499 gacion
538 1440 599 1486 de
620 1451 759 1486 toute
785 1439 988 1500 l’Eglise
1014 1438 1295 1484 millitante.
1318 1437 1446 1483 Mais
1472 1437 1662 1483 d'avoir

329 1513 499 1559 raison
532 1515 592 1560 de
627 1514 722 1560 telz
749 1528 870 1574 gens
903 1514 1159 1574 ignorans,
1187 1514 1230 1573 je
1265 1527 1327 1558 ne
1359 1527 1453 1573 voy
1478 1527 1660 1572 moyen

331 1603 427 1648 que
476 1589 521 1635 le
568 1599 752 1647 vostre,
800 1599 1128 1634 mesmement
1173 1602 1257 1633 sur
1307 1587 1415 1633 leur
1462 1586 1659 1643 fumier,

332 1664 418 1724 qui
443 1663 665 1709 veullent
699 1674 828 1709 estre
858 1664 998 1723 juges
1023 1673 1070 1708 et
1094 1661 1280 1721 parties
1309 1676 1370 1707 en
1397 1661 1549 1707 chose
1576 1661 1661 1720 qui

330 1738 465 1784 riens
489 1752 549 1783 ne
573 1737 681 1783 leur
701 1737 904 1794 touche,
927 1748 973 1783 et
997 1737 1137 1797 juges
1162 1737 1223 1782 de
1249 1736 1296 1781 13
1322 1736 1519 1782 science
1538 1736 1663 1782 dont

331 1812 394 1858 ilz
415 1822 527 1857 sont
546 1811 782 1872 ignorans
803 1822 850 1857 et
868 1810 1236 1856 formellement
1256 1809 1498 1867 ennemis,
1521 1810 1662 1856 selon

332 1887 376 1932 le
403 1886 726 1946 philozophe,
756 1885 841 1945 qui
869 1897 943 1932 est
977 1900 1073 1944 que
1109 1884 1305 1931 science
1334 1885 1412 1929 n’a
1448 1899 1664 1944 ennemy

333 1975 430 2019 que
452 1960 736 2020 l’ignorant‚
758 1960 791 2006 il
812 1960 967 2006 seroit
991 1958 1304 2019 impossible.
1327 1959 1440 2015 Car,
1466 1973 1660 2004 comme

334 2035 407 2082 dit
430 2035 605 2081 Albert
638 2035 682 2081 le
719 2035 890 2092 Grant‚
916 2035 1000 2094 qui
1034 2034 1109 2079 fut
1135 2033 1336 2079 maistre
1372 2033 1501 2079 saint
1521 2033 1660 2078 Tho-

333 2124 439 2155 mas
459 2108 693 2168 d'Aquin,
714 2124 776 2155 en
803 2124 896 2155 son
917 2108 1166 2168 Speculle,
1187 2108 1386 2168 parlant
1405 2108 1491 2153 des
1511 2107 1660 2153 livres

334 2185 395 2230 de
422 2183 690 2244 astrologie
707 2199 716 2229 :
733 2202 751 2227 «
767 2184 877 2229 Jam
899 2183 1063 2229 sciunt
1085 2182 1395 2242 inspectores
1413 2181 1661 2242 predicto-

337 2274 446 2303 rum
471 2257 716 2304 librorum
754 2258 891 2318 quod
915 2258 966 2303 in
993 2258 1064 2303 eis
1090 2257 1250 2303 eciam
1277 2272 1380 2303 non
1406 2255 1658 2302 invenitur

335 2332 542 2378 unicum
574 2333 785 2378 verbum
810 2333 947 2392 quod
970 2332 1033 2378 sit
1053 2332 1130 2378 vel
1158 2347 1264 2378 esse
1292 2341 1528 2392 appareat
1554 2345 1659 2375 cor-

336 2418 410 2452 tra
425 2407 526 2467 (sic)
540 2406 657 2453 fidei
683 2407 928 2454 catholice
955 2407 1359 2467 hon(n)estatem‚
1381 2420 1542 2466 neque
1563 2406 1657 2466 jus-
