1906 2984
158 411 417 456 dominum
439 412 719 457 Johannem
747 411 922 457 Picum
949 411 1471 469 Mirandulam,comi-

156 497 255 532 tem
283 485 561 530 Concordie
601 485 1008 545 suprascriptum,
1044 486 1215 541 Rome,
1243 485 1288 530 in
1321 485 1471 530 domo

157 573 244 604 sue
271 559 453 617 soli[t]e
476 559 770 617 residencie,
790 559 841 604 in
867 559 1082 618 quadam
1107 573 1302 604 camera
1324 572 1470 616 supe-

156 631 275 676 riori
303 632 609 689 existentem,
626 647 723 677 una
745 648 857 677 cum
889 631 1235 692 suprascriptis
1261 631 1470 677 testibus

156 706 489 764 personaliter
530 705 733 763 accessi,
773 717 820 752 et
861 705 954 750 sibi
998 706 1129 750 hunc
1162 720 1469 765 processum,

156 789 210 823 ut
238 778 378 823 illum
400 779 762 835 subscriberet,
788 790 938 837 prout
964 779 1091 824 infra
1117 778 1355 837 scriptum
1380 788 1468 837 est,

156 867 306 896 manu
334 868 421 897 sua
446 852 666 911 propria,
689 852 989 911 presentavi.

214 925 311 981 Qui
328 926 530 984 quidem
561 926 794 970 dominus
813 925 1067 971 Johannes
1095 940 1262 970 comes
1283 925 1471 971 dictum

154 1015 446 1060 processum
487 1001 547 1045 de
581 999 704 1045 meis
740 999 971 1044 manibus
999 999 1061 1044 ad
1095 1013 1145 1044 se
1185 999 1399 1059 benigne
1426 1009 1473 1044 et

154 1074 370 1134 gratiose
408 1073 669 1132 recipiens,
695 1073 831 1118 illico
867 1083 1043 1132 sponte
1076 1072 1240 1132 ipsum
1268 1088 1471 1132 proces-

155 1163 264 1192 sum
290 1162 439 1192 manu
475 1162 563 1192 sua
588 1146 791 1206 propria
816 1146 867 1191 in
895 1156 1010 1191 octo
1044 1146 1271 1192 versibus
1297 1161 1470 1205 supra-

155 1220 350 1280 scriptis
392 1220 705 1279 subscripsit,
749 1230 797 1266 et
836 1220 978 1264 illum
1023 1220 1093 1265 sic
1135 1220 1471 1279 subscriptum

153 1294 303 1339 michi
344 1294 557 1341 restituit
586 1294 720 1340 dicto
759 1294 965 1339 domino
1008 1294 1266 1340 Anthonio
1304 1294 1473 1340 locum

152 1368 341 1414 tenenti
382 1369 759 1428 reportandum,
795 1367 1112 1428 presentibus
1152 1368 1340 1414 ibidem
1374 1382 1470 1426 me,

155 1442 352 1487 notario
401 1442 768 1502 suprascripto,
819 1451 867 1487 et
914 1441 1299 1487 honorabilibus
1353 1441 1473 1488 viris

155 1515 372 1561 dominis
401 1517 693 1561 Hermanno
715 1515 1017 1561 Hervertink
1039 1526 1086 1561 et
1103 1516 1294 1562 Jacobo
1327 1517 1472 1561 Lom-

155 1589 313 1647 bardi,
340 1589 533 1635 clericis
561 1589 974 1635 Monasteriensis
1009 1600 1057 1635 et
1080 1589 1334 1635 Tullensis
1361 1590 1472 1636 dio-

158 1677 347 1721 cesum,
385 1664 598 1709 testibus
633 1664 694 1708 ad
741 1662 984 1722 premissa
1022 1678 1110 1723 per
1150 1678 1227 1708 me
1261 1664 1468 1723 vocatis,

159 1737 321 1782 ductis
371 1736 653 1796 specialiter
696 1747 845 1796 atque
889 1737 1092 1797 rogatis.
1154 1739 1210 1782 In
1255 1753 1470 1797 quorum

154 1809 304 1855 fidem
325 1821 372 1856 et
389 1810 733 1856 testimonium
746 1810 1105 1870 premissorum
1125 1811 1204 1856 hic
1224 1826 1300 1856 me
1320 1827 1468 1858 manu

154 1885 356 1944 propria
399 1884 688 1944 subscripsi,
723 1895 769 1930 et
815 1884 1010 1944 signum
1052 1900 1218 1930 meum
1259 1887 1467 1946 apposui

158 1970 469 2004 consuetum.

394 2049 466 2092 Ita
511 2058 598 2093 est.
645 2047 862 2092 Jacobus
901 2047 1195 2102 Quentinoti
1248 2048 1470 2094 notarius

448 2120 833 2181 suprascriptus,
858 2135 1008 2167 manu
1035 2121 1252 2181 propria.

217 2405 534 2462 Quamquam
561 2416 651 2461 ego
681 2401 933 2448 Johannes
962 2402 1185 2457 Cordier,
1217 2403 1320 2448 visa
1347 2419 1468 2463 qua-
