1906 2984
668 316 935 360 ,Ιη-

146 440 369 484 erronee,
395 425 628 483 heretice,
649 425 725 472 vel
744 426 897 471 alium
921 425 1211 486 hujusmodi
1234 442 1453 474 errorem

148 500 358 559 sapiant.

209 573 307 628 Qui
337 574 526 620 domini
554 576 791 636 deputati,
822 577 996 622 eadem
1038 576 1213 636 quinta
1248 574 1344 631 die,
1371 589 1455 619 co-

148 659 252 690 ram
291 647 483 705 prefato
540 649 813 694 reverendo
869 647 1073 693 domino
1120 646 1356 707 episcopo
1412 656 1459 691 et

148 719 511 779 commissario,
534 737 681 781 super
703 722 864 781 prima
886 721 1211 768 conclusione
1236 719 1459 779 predicta

148 792 445 853 incipiente:
493 795 735 853 Christus,
765 807 875 853 etc.,
912 794 1193 840 alternatim
1233 804 1280 838 et
1305 792 1458 837 seria-

147 866 236 912 tim
269 866 396 913 inter
438 883 488 913 se
531 868 856 928 disputanteS,
883 869 1086 914 tandem
1126 877 1240 927 post
1279 865 1459 911 multas

150 950 198 985 et
221 940 382 985 varias
425 941 642 987 rationes
669 942 903 1001 allegatas
942 942 993 986 in
1032 940 1267 996 medium,
1298 940 1460 984 deter-'

150 1013 480 1071 minaverunt,
525 1016 880 1061 concluserunt
919 1026 966 1061 et
1010 1014 1241 1059 dixerunt
1281 1012 1460 1057 unani-

150 1086 295 1133 miter
330 1097 378 1132 et
417 1089 734 1134 concorditer
777 1089 1053 1134 secundum
1107 1087 1322 1146 rigorem
1359 1100 1461 1130 ser-

151 1160 314 1206 monis
358 1172 404 1206 et
440 1176 499 1206 ex
533 1161 579 1206 vi
621 1164 888 1208 verborum
930 1160 1307 1207 conclusionem
1354 1173 1462 1204 esse

149 1234 340 1291 falsam,
362 1249 641 1293 erroneam,
661 1237 931 1283 hereticam
951 1247 998 1282 et
1016 1245 1187 1281 contra
1205 1233 1464 1280 veritatem

152 1323 289 1354 sacre
346 1309 616 1369 Scriptum,
669 1325 772 1355 non
831 1311 1059 1356 obstante
1112 1309 1464 1369 qualicumque

152 1382 497 1428 declaracione
518 1398 605 1443 per
630 1383 875 1443 prefatum
902 1384 1161 1429 dominum
1184 1382 1465 1429 Johannem

153 1455 334 1503 comite
359 1456 574 1517 desuper
599 1457 742 1503 facta.

217 1604 406 1650 Eadem
445 1605 619 1664 quinta
659 1605 754 1662 die,
798 1605 974 1665 prefati
1015 1605 1205 1651 domini
1247 1603 1467 1664 deputati

156 1678 370 1725 invicem
409 1679 460 1723 in
500 1679 691 1738 prefato
734 1678 865 1738 loco,
900 1690 954 1726 ut
994 1679 1314 1739 premittitur,
1347 1673 1468 1723 con-

158 1752 360 1813 gregati,
391 1767 540 1811 super
566 1753 837 1798 secundam
863 1752 1242 1797 conclusionem
1272 1750 1470 1812 predic-

157 1838 259 1873 tam
314 1826 636 1885 incipientem
677 1841 687 1871 :
738 1825 960 1872 Secunda
1003 1835 1073 1872 est
1112 1826 1236 1888 quod
1268 1833 1470 1887 peccato

159 1900 374 1955 mortali,
418 1911 509 1946 etc.
553 1900 709 1945 eciam
749 1900 1060 1959 disputantes
1102 1911 1148 1946 et
1188 1899 1354 1959 plures
1393 1914 1470 1943 ra-

159 1974 322 2020 tiones
360 1973 475 2018 hinc
515 1973 630 2019 inde
676 1974 997 2030 adducentes,
1032 1973 1387 2018 concluserunt
1426 1982 1473 2017 et

160 2047 551 2093 terminaverunt
584 2049 809 2093 eamdem
850 2048 1228 2094 conclusionem
1260 2061 1347 2106 per
1380 2045 1471 2090 hec

160 2122 311 2166 verba
336 2120 579 2178 formalia,
608 2122 840 2169 videlicet
875 2123 1012 2182 quod
1045 2120 1278 2166 dominus
1305 2133 1472 2164 comes

164 2209 266 2239 non
310 2195 549 2241 satisfecit
604 2196 906 2256 argumentis
959 2206 1006 2242 et
1059 2192 1472 2254 inquisitionibus

164 2267 260 2313 sibi
297 2283 445 2328 super
491 2284 547 2315 ea
597 2269 756 2327 factis,
797 2285 965 2331 ymmo
1015 2267 1207 2315 addidit
1255 2280 1474 2312 errorem

165 2341 321 2387 errori
375 2342 427 2387 in
480 2344 832 2402 respondendo
881 2354 930 2390 et
979 2341 1312 2399 declarando;
1361 2340 1474 2386 ideo

166 2414 467 2463 unanimiter
509 2416 722 2464 dicimus
769 2428 869 2464 tam
926 2416 1277 2464 conclusiones
1325 2428 1476 2475 quam
