1906 2984
859 294 1129 352 „143—

332 425 527 481 Vestre,
548 422 719 468 redeat
751 422 813 467 ad
848 436 972 479 nos3
1003 421 1042 465 si
1078 434 1195 465 vero
1231 429 1362 466 esset
1393 420 1652 478 liberatus,

332 507 663 558 persequatur
700 497 866 556 ipsum
909 511 997 556 per
1032 510 1258 556 regnum,
1298 495 1338 540 si
1364 494 1416 540 in
1460 509 1519 541 eo
1561 505 1652 554 est,

334 587 447 618 cum
473 571 651 617 litteris
678 571 777 616 illis
802 571 1113 630 patentibus,
1141 580 1196 615 ut
1221 569 1403 616 iterum
1430 569 1654 616 detinea-

332 658 429 694 tur.
462 646 522 691 Et
548 645 850 691 caballarius
875 644 1186 705 presentabit
1210 644 1298 689 has
1325 643 1517 690 litteras
1542 659 1656 689 nos-

333 730 434 764 tras
459 721 621 765 banco
644 721 704 766 de
733 720 1045 780 Caponibus,
1067 719 1318 780 Lugduni,
1347 718 1432 779 qui
1459 718 1656 765 mittent

335 808 418 839 eas
442 794 542 840 cito
569 806 616 840 et
641 795 872 841 fideliter.

397 887 416 911 «
440 870 545 914 Nos
566 869 785 930 expliciti
805 869 1175 930 aliquantulum
1197 884 1257 915 ex
1275 868 1489 929 negotiis
1509 868 1656 913 nobis

335 958 450 989 cum
484 958 598 1004 rege
633 944 934 1003 commissis,
984 959 1288 1004 exequemur
1331 943 1479 990 etiam
1523 957 1658 988 man-

335 1018 450 1063 data
471 1018 761 1065 Sanctitatis
786 1021 963 1065 Vestre
988 1030 1035 1065 et
1052 1034 1165 1064 cum
1192 1033 1305 1079 rege
1332 1028 1379 1064 et
1397 1033 1510 1063 cum
1538 1016 1659 1062 Uni-

335 1092 569 1138 versitate
634 1093 766 1139 circa
830 1093 1091 1140 materiam
1159 1093 1384 1139 eiusdem
1446 1091 1658 1139 Joannis

338 1165 679 1212 Mirandulani
702 1185 713 1227 ;
767 1178 815 1214 et
876 1184 991 1214 cum
1046 1182 1160 1228 rege
1223 1167 1521 1228 incipiemus
1578 1166 1659 1212 die

338 1241 613 1298 dominico,
643 1242 824 1288 deinde
859 1258 1128 1302 sequemur
1163 1257 1275 1288 cum
1306 1242 1416 1287 aliis
1456 1252 1512 1287 ut
1552 1255 1661 1302 pre-

337 1315 597 1362 veniamus
632 1332 763 1376 eum,
785 1318 825 1362 si
855 1317 981 1364 forte
1008 1318 1105 1363 huc
1139 1317 1348 1376 veniret,
1381 1316 1519 1377 quod
1557 1330 1659 1362 non

339 1390 647 1437 credimus...

347 1496 1652 1515 ········································

403 1639 480 1666 «...
504 1617 626 1664 Heri
655 1632 750 1677 que
776 1617 869 1662 fuit
903 1616 1011 1662 dies
1041 1616 1296 1662 dominica
1323 1631 1382 1675 27
1414 1614 1664 1675 presentis

341 1697 547 1753 mensis,
576 1691 878 1738 accessimus
905 1692 967 1736 ad
994 1693 1196 1752 Regem,
1215 1690 1300 1750 qui
1330 1690 1544 1751 benigne
1572 1705 1663 1734 nos

343 1768 564 1826 audivit3
619 1765 1018 1827 presentavimus
1067 1766 1112 1811 ei
1161 1767 1311 1811 breve
1371 1764 1665 1811 Sanctitatis

341 1845 518 1889 Vestre
546 1842 596 1887 in
631 1856 781 1886 causa
817 1840 1007 1886 heresis
1039 1840 1249 1886 Joannis
1281 1838 1622 1885 Mirandulani
1652 1854 1662 1884 :

344 1933 445 1979 quo
465 1917 613 1974 lecto,
638 1916 856 1961 diximus
877 1930 973 1975 que
997 1915 1113 1960 inde
1134 1926 1305 1961 secuta
1328 1923 1460 1972 sunt,
1481 1925 1528 1961 et
1547 1928 1667 1974 quo-

344 1991 496 2037 modo
531 1990 694 2035 fuerat
720 1990 952 2035 detentus
983 2004 1010 2034 a
1045 1989 1263 2034 Domino
1301 1987 1515 2046 Bressie,
1543 1998 1590 2033 et
1612 1997 1667 2032 ut

346 2065 585 2110 Maiestas
615 2065 715 2109 Sua
740 2063 888 2109 vellet
915 2078 1060 2124 agere
1088 2064 1225 2123 quod
1253 2078 1311 2109 ex
1342 2062 1430 2109 tali
1462 2061 1667 2107 homine

346 2153 449 2183 non
476 2138 690 2184 oriretur
728 2138 933 2197 aliquod
960 2138 1254 2183 scandalum
1287 2137 1338 2182 in
1371 2137 1466 2182 hoc
1493 2135 1667 2181 inclito

346 2228 526 2273 regno3
553 2223 601 2265 et
617 2212 871 2272 tetigimus
891 2212 1060 2257 omnia
1079 2222 1366 2272 opportuna
1388 2211 1518 2256 circa
1536 2210 1669 2254 hunc

346 2287 670 2332 articulum...

407 2380 488 2407 «...
508 2362 674 2407 Hodie
694 2362 879 2408 erimus
907 2377 1020 2408 cum
1045 2361 1385 2408 Universitate
1413 2370 1461 2406 et
1489 2358 1670 2404 Facul-

346 2446 450 2484 tate
472 2436 727 2497 theologie
745 2452 837 2497 pro
857 2436 1060 2497 negotio
1079 2436 1196 2483 fidei
1225 2445 1400 2482 contra
1423 2434 1672 2481 Joannem
