1906 2984
894 280 1164 325 —128—

364 405 720 465 responsiones
754 415 802 452 et
842 404 1216 451 declaraciones
1252 405 1421 464 falsas,
1445 420 1682 453 erroneas

364 491 411 526 et
437 479 699 527 hereticaS.

423 552 584 598 Simili
626 553 778 598 modo
817 552 996 612 prefati
1033 553 1225 598 domini
1267 553 1491 613 deputati
1535 568 1683 614 super

361 629 559 675 tertiam
593 628 974 674 conclusionem
1006 628 1284 688 predictam
1318 629 1640 689 incipientem
1671 643 1681 674 :

361 705 469 751 Nec
494 718 623 749 crux
648 704 853 760 Christi,
879 714 992 759 etc„
1018 703 1350 763 disputantes,
1377 704 1685 750 unanimiter

363 777 738 835 concluserunt,
771 777 993 823 dicentes
1035 777 1152 837 quia
1187 777 1410 837 prefatus
1449 777 1683 823 dominus

360 851 616 897 Johannes
643 866 811 896 comes
846 862 993 911 negat
1026 866 1226 896 omnem
1258 852 1460 896 modum
1503 851 1683 896 adora-

360 925 512 973 tionis
538 926 680 972 latrie
718 927 780 971 ad
809 941 1008 972 crucem
1036 927 1314 972 secundum
1339 925 1471 972 viam
1508 926 1682 971 catho-

361 1002 575 1047 licorum
621 1002 889 1047 doctorum
934 1012 981 1047 et
1019 1017 1076 1046 ex
1122 1001 1350 1046 oratione
1387 1016 1536 1061 quam
1566 1000 1686 1047 facit

362 1075 660 1121 universalis
674 1075 901 1121 Ecclesia
923 1076 985 1121 ad
1011 1076 1363 1134 crucem3ideo
1378 1075 1686 1121 unanimiter

362 1150 595 1196 dixerunt
626 1149 870 1209 prefatam
896 1150 1275 1195 conclusionem
1296 1165 1404 1196 esse
1425 1149 1684 1196 scandalo-

364 1239 486 1281 sam,
510 1224 706 1283 piarum
733 1224 928 1269 aurium
959 1223 1254 1270 offensivam
1281 1235 1328 1270 et
1361 1235 1535 1270 contra
1563 1239 1685 1270 con-

364 1298 682 1344 suetudinem
715 1297 1012 1343 universalis
1054 1298 1303 1356 Ecclesie3
1342 1313 1444 1344 non
1484 1299 1684 1343 obstan-

362 1372 497 1418 tibus
546 1372 875 1432 responsione
919 1383 966 1418 et
1017 1372 1365 1417 declaracione
1418 1372 1482 1418 ad
1524 1373 1683 1432 ipsam

365 1446 746 1491 conclusionem
789 1460 878 1506 per
917 1446 1160 1506 prefatam
1201 1446 1462 1492 dominum
1502 1447 1686 1493 Johan·

364 1535 479 1566 nem
498 1520 752 1578 comitem,
779 1530 834 1566 ut
866 1520 1190 1580 premittitur,
1217 1520 1379 1580 factis,
1404 1532 1496 1567 etc.

425 1743 516 1789 Die
550 1754 686 1790 sexta
724 1744 948 1804 ejusdem
978 1744 1164 1790 mensis
1198 1744 1388 1802 marcii,
1417 1745 1467 1790 in
1492 1745 1686 1805 prefato

364 1819 478 1864 loco
525 1818 844 1878 presentibus
889 1819 1123 1864 omnibus
1172 1819 1390 1864 dominis
1435 1819 1686 1879 deputatis

365 1892 621 1954 predictis,
647 1893 868 1952 prefatus
896 1894 1199 1939 reverendus
1231 1893 1465 1939 dominus
1497 1893 1686 1939 Johan—

365 1983 453 2013 nes
479 1966 745 2027 episcopus
770 1968 1124 2025 Tornacensis,
1149 1967 1542 2026 commissarius,
1558 1978 1689 2014 retu-

365 2041 421 2087 lit
447 2041 827 2099 michi,notario
855 2041 1191 2102 infrascripto,
1214 2043 1481 2102 quemdam
1498 2042 1689 2087 Antho-

367 2116 506 2161 nium
555 2117 896 2172 Parmensem,
928 2116 1232 2162 sanctissimi
1279 2116 1482 2162 Domini
1529 2116 1688 2161 nostri

366 2204 640 2247 cursorem,
663 2191 724 2235 de
752 2205 839 2235 sue
859 2192 1130 2236 reverende
1158 2190 1530 2237 Dominationis
1557 2190 1688 2235 ordi-

366 2264 570 2309 natione
597 2275 645 2311 et
670 2265 905 2310 mandato
933 2265 1190 2311 monuisse
1219 2281 1306 2311 seu
1341 2280 1547 2311 vocasse
1573 2280 1687 2324 pre-

365 2337 523 2384 fatum
560 2339 823 2384 dominum
858 2340 1142 2385 Johannem
1176 2339 1411 2386 comitem
1450 2339 1556 2384 heri
1597 2355 1687 2399 pro

367 2412 517 2459 hodie
545 2413 607 2459 ad
633 2414 1026 2474 comparendum
1053 2429 1224 2461 coram
1257 2414 1447 2462 eisdem
1473 2413 1687 2460 dominis
