1906 2984
873 275 1144 319 —126-

347 400 582 445 omnibus
618 413 714 459 que
740 399 880 456 dixit,
919 399 1039 445 dicit
1065 410 1112 446 et
1153 400 1287 447 dicet
1319 401 1371 446 in
1408 402 1665 462 premissis

344 485 391 520 et
424 473 556 519 circa
591 488 649 520 ea
675 487 726 519 se
765 473 1015 520 remittere
1042 474 1448 521 determinationi
1475 488 1523 523 et
1554 492 1664 522 cor-

344 547 555 593 rectioni
608 547 911 593 sanctissimi
972 548 1176 594 Domini
1236 549 1396 596 nostri
1438 551 1572 610 Pape
1619 563 1667 599 et

345 622 474 667 sacri
502 622 716 683 Collegii
759 622 1298 668 reverendissimorum
1345 623 1666 670 dominorum

345 695 691 741 Cardinalium
718 707 886 742 sancte
916 697 1140 743 Romane
1169 697 1410 743 Ecclesie.

403 770 811 830 Quibusquidem
867 771 1103 817 omnibus
1144 781 1191 817 et
1232 771 1441 832 singulis
1490 787 1665 833 supra-

343 844 507 902 dictis,
550 844 620 890 sic
649 856 703 891 ut
752 845 1075 906 premittitur,
1120 846 1351 906 peractis,
1397 846 1449 892 in
1489 848 1667 893 eodem

341 919 456 964 loco
483 929 530 964 et
570 934 741 964 coram
778 919 960 965 eisdem
1005 919 1223 966 dominis
1250 920 1515 980 deputatiS,
1553 936 1667 982 pre-

341 992 471 1039 fatus
509 993 751 1039 dominus
790 995 1094 1040 reverendus
1135 994 1371 1041 dominus
1410 995 1668 1042 Johannes

343 1077 392 1113 et
422 1067 800 1114 commissarius
834 1069 1061 1128 predicta
1095 1068 1174 1114 die
1202 1069 1475 1129 assignavit
1499 1070 1669 1116 statim

343 1141 449 1187 vice
495 1142 634 1188 vocis
691 1143 898 1188 oraculo
959 1142 1122 1188 eidem
1185 1143 1393 1189 domino
1446 1145 1667 1190 Johanni

344 1216 517 1262 comiti
557 1219 620 1262 ad
657 1217 791 1263 diern
824 1218 942 1263 lune
977 1217 1205 1277 proxime
1244 1228 1553 1278 sequentem,
1582 1218 1669 1278 qui

346 1290 438 1337 erit
479 1291 655 1350 quinta
703 1292 891 1337 mensis
932 1292 1124 1349 marcii,
1168 1293 1230 1337 ad
1273 1293 1668 1353 comparendum

345 1379 516 1409 coram
534 1365 720 1411 eisdem
739 1366 957 1411 dominis
977 1366 1325 1412 commissario
1349 1378 1396 1413 et
1417 1367 1667 1427 deputatis

344 1448 392 1484 et
419 1440 825 1499 respondendum
863 1439 1278 1486 conclusionibus
1304 1455 1391 1501 per
1417 1456 1532 1486 eum
1573 1457 1667 1487 nu-

342 1526 431 1572 per
475 1514 682 1571 oblatis3
736 1515 874 1573 quod
933 1514 1067 1559 idern
1119 1514 1355 1560 dominus
1411 1515 1666 1562 Johannes

344 1600 510 1632 comes
536 1584 848 1631 incessanter
872 1587 1026 1631 verbo
1050 1585 1340 1645 acceptavit.

404 1734 467 1780 Et
491 1733 692 1792 deinde,
716 1733 795 1779 die
829 1734 946 1779 lune
988 1734 1213 1795 ejusdem
1253 1734 1439 1780 mensis
1474 1735 1664 1794 marcii,

342 1807 660 1868 congregatis
688 1808 750 1852 ad
777 1807 990 1853 invicem
1017 1807 1222 1869 prefatis
1257 1808 1475 1853 dominis
1509 1809 1666 1868 depu-

340 1883 474 1940 tatis,
503 1882 628 1927 hora
670 1882 925 1939 vicesima,
969 1893 1023 1928 ut
1065 1881 1387 1942 premittitur,
1429 1882 1666 1942 deputata

341 1972 512 2003 coram
548 1956 740 2016 prefato
786 1957 1061 2001 reverendo
1096 1955 1302 2001 domino
1339 1956 1532 2001 Joanne
1559 1957 1663 2016 epi-

342 2046 496 2091 scopo
518 2042 565 2076 et
584 2030 947 2086 commissario,
968 2030 1063 2090 ipsi
1082 2031 1211 2076 inter
1234 2045 1284 2076 se
1305 2031 1662 2089 deliberarunt,

339 2106 724 2167 disputaverunt
750 2117 797 2152 et
833 2106 1239 2165 disceptaverunt
1277 2105 1436 2152 dictas
1473 2117 1662 2166 septem

340 2180 697 2226 conclusiones
741 2194 830 2239 per
872 2179 1037 2239 ipsum
1080 2179 1341 2225 dominum
1379 2179 1662 2225 Johannem

340 2253 575 2300 comitem
614 2252 804 2312 positas
862 2252 995 2298 inter
1049 2251 1191 2309 aliaS,
1233 2262 1290 2298 ut
1338 2253 1656 2312 premittitur,

341 2328 636 2385 declaratas,
662 2342 728 2372 an
769 2326 893 2386 ipse,
938 2341 1040 2372 una
1083 2342 1198 2373 curn
1231 2327 1659 2374 declarationibus

337 2402 464 2459 suis,
499 2412 554 2448 ut
592 2401 913 2462 premittitur,
956 2400 1104 2458 datis,
1143 2400 1328 2447 fuerint
1364 2415 1478 2448 vere
1514 2401 1654 2461 false,
