1906 2984
943 274 1216 318 —160—

478 423 500 448 «
530 403 695 449 Hodie
737 400 1021 447 audivimus
1055 399 1299 444 Joannem
1329 393 1738 441 Mirandulanum

419 478 657 526 simulato
681 475 859 522 habitu
880 473 1142 520 transiisse
1167 486 1256 531 per
1289 470 1596 516 Sabaudiam
1620 482 1741 513 ven-

419 566 586 600 turum
605 552 657 597 in
677 550 873 598 Italiam
887 565 897 607 ;
912 547 1167 594 nescimus
1186 556 1355 591 tamen
1372 559 1435 590 an
1453 544 1504 589 in
1524 544 1744 604 aliquem

420 629 658 688 laqueum
693 625 738 671 ei
775 635 1007 685 paratum
1027 619 1278 667 inciderit.
1299 618 1450 664 Venit
1468 629 1523 664 ut
1548 619 1745 665 veniam

421 713 469 748 et
492 701 704 762 gratiam
726 715 753 745 a
782 697 1056 745 Sanctitate
1074 696 1254 740 Vestra
1279 693 1526 753 impetret.
1545 695 1600 738 In
1625 694 1747 740 Eius

423 775 517 822 erit
552 774 760 821 arbitrio
789 773 829 818 si
860 771 981 818 velit
1002 770 1048 817 ei
1081 782 1287 829 parcere
1321 782 1496 813 necne.
1535 768 1750 828 Expedit

422 863 592 897 tamen
617 849 754 910 quod
780 848 1083 893 Rhodanum
1105 855 1152 891 et
1168 843 1321 903 Alpes
1340 840 1612 900 transierit,
1629 853 1676 888 et
1696 842 1748 888 in

426 925 622 972 Italiam
644 939 695 970 se
715 921 1064 970 contulerit....

486 1018 506 1043 «
556 1001 631 1044 Ex
675 996 889 1044 Civitate
926 996 1244 1050 Turonense,
1294 991 1375 1038 die
1416 1005 1533 1036 xxvs
1579 990 1748 1036 Martii

432 1075 612 1133 1488.»

527 1180 643 1220 Bibl.
664 1177 931 1228 Marciana,
959 1177 1038 1217 lat.
1065 1174 1153 1226 IX,
1183 1171 1387 1230 129‚fol.
1411 1171 1557 1224 42-51.
1581 1171 1752 1224 (Lettre

584 1245 810 1300 originale
837 1257 916 1286 sur
941 1242 1134 1297 papier.)

1068 1447 1109 1492 5.

496 1607 624 1637 «.....
662 1588 1029 1650 Rescripsimus
1068 1589 1178 1636 aliis
1215 1590 1394 1637 litteris
1428 1591 1490 1636 ad
1531 1591 1755 1637 Beatitu-

437 1663 606 1710 dinem
643 1663 874 1708 Vestram
917 1664 1263 1725 apologeticos
1301 1665 1502 1712 libellos
1548 1665 1757 1712 Joannis

440 1737 545 1783 Pici
566 1737 907 1783 Mirandulani
926 1739 1150 1785 Parisius
1169 1739 1442 1800 impressos
1465 1756 1567 1786 non
1585 1740 1757 1799 fuisse,

438 1827 601 1872 neque
628 1811 697 1857 ibi
724 1813 899 1871 vendi3
921 1814 1058 1872 quod
1085 1814 1231 1860 nobis
1249 1829 1341 1873 pro
1370 1825 1627 1874 comperto
1655 1826 1756 1861 est:

439 1901 599 1946 nuper
625 1901 841 1946 namque
868 1887 1203 1934 intelleximus
1231 1904 1317 1934 eos
1345 1890 1406 1935 ab
1433 1890 1543 1949 ipso
1567 1892 1761 1937 Joanne

441 1964 504 2009 ad
531 1963 856 2009 secretarium
898 1963 1178 2008 marescalli
1205 1965 1265 2009 de
1293 1964 1401 2022 Gie,
1431 1980 1651 2023 quocum
1676 1965 1763 2010 diu

440 2037 828 2083 familiarissime
886 2037 1023 2094 vixit,
1066 2037 1219 2084 fuisse
1265 2039 1466 2095 missos,
1508 2039 1592 2099 qui
1648 2039 1763 2084 illos

398 2100 406 2107 ¹
443 2112 593 2158 etiam
612 2127 714 2156 non
739 2112 1025 2170 petentibus
1053 2113 1214 2172 dedit;
1237 2113 1461 2174 dixitque
1488 2115 1764 2170 nonnullis,

445 2186 590 2232 sicuti
630 2186 929 2243 audivimus,
959 2188 1175 2232 eundem
1213 2189 1459 2234 Joannem
1494 2190 1556 2235 ad
1583 2190 1768 2249 Regem

446 2261 682 2319 Castelle,
711 2263 772 2306 ab
813 2274 871 2305 eo
912 2271 1164 2318 vocatum,
1192 2261 1534 2321 profecturum
1574 2277 1681 2308 esse
1723 2274 1771 2309 et

447 2334 727 2381 honorifice
764 2347 1021 2396 receptum
1053 2337 1131 2383 iri.
1162 2338 1218 2383 Id
1256 2349 1424 2384 tamen
1462 2337 1770 2384 Beatitudini

447 2411 623 2456 Vestre
685 2409 842 2471 magis
903 2421 1079 2458 notum
1133 2426 1243 2459 esse
1290 2412 1656 2468 existimamuS,
1707 2411 1771 2458 ad
