1906 2984
696 261 969 306 „107-

173 369 292 427 tuis,
342 369 652 430 principibus
707 370 1005 428 illustribus,
1062 384 1164 415 non
1226 368 1493 415 mediocris

178 457 371 488 mecum
404 443 701 489 interessent
732 443 1042 489 familiaritas
1076 458 1132 488 ac
1175 443 1235 489 de
1271 442 1494 488 moribus

177 516 455 576 studiisque
474 518 571 563 tuis
592 532 846 563 sermones
866 516 1274 577 frequentissimi.
1289 517 1493 572 Verum,

178 590 417 649 quoniam
457 592 681 636 nondum
715 590 924 650 contigit
950 602 1004 636 ut
1029 605 1129 635 una
1169 604 1277 636 esse
1317 603 1496 649 posse-

178 679 303 722 mus,
326 666 461 723 quod
488 666 572 710 diu
599 665 766 710 animo
794 664 1008 723 cogitavi
1034 674 1088 709 ut
1106 663 1397 724 perficerem
1423 673 1498 708 est

177 737 471 783 adhortatus
514 737 810 783 Franciscus
861 737 1092 793 Puccius‚
1144 737 1219 783 vir
1270 738 1339 795 (ut
1382 736 1494 796 scis)

176 826 382 870 magnus
396 823 443 857 et
461 812 724 870 utriusque
742 821 968 856 nostrum
991 809 1497 865 amantissimus.Qui

177 899 289 929 cum
314 895 425 930 tuas
451 885 624 930 laudes
651 883 1178 930 honorificentissimis
1200 884 1365 930 verbis
1391 898 1500 943 pre-

178 957 365 1004 dicaret
402 958 826 1018 pollicereturque
874 972 925 1003 se
963 957 1094 1003 inter
1130 973 1221 1003 nos
1264 959 1497 1002 absentes

178 1032 566 1078 benivolentiam
622 1047 711 1077 sua
762 1046 916 1092 opera
971 1031 1356 1078 conciliaturum
1395 1045 1498 1076 non

178 1106 499 1165 mediocrem,
521 1107 646 1152 adeo
667 1120 743 1151 me
763 1106 910 1165 hujus
939 1105 1009 1151 rei
1032 1105 1304 1165 cupiditate
1330 1105 1498 1151 incen-

178 1195 288 1225 sum
314 1180 654 1238 inflammavit,
675 1190 729 1226 ut
754 1180 955 1240 ignotus
981 1180 1153 1240 ignoto
1181 1195 1312 1226 novo
1340 1194 1498 1225 exem-

178 1253 260 1313 plo
289 1253 505 1299 scribere
547 1269 648 1299 non
688 1254 928 1311 dubitem,
958 1268 1121 1313 neque
1160 1268 1335 1299 verear
1373 1252 1498 1299 tanti

177 1327 269 1373 viri
295 1327 644 1388 gravissimum
678 1327 846 1374 subire
880 1327 1140 1388 judicium,
1169 1343 1282 1373 cum
1308 1328 1500 1386 jactura

179 1401 329 1447 etiam
357 1402 414 1460 (si
442 1416 539 1461 qua
561 1413 634 1448 est
660 1402 720 1447 de
746 1403 839 1461 me)
870 1401 1272 1448 existimationis.
1303 1402 1432 1446 Nam
1459 1400 1500 1445 si

179 1491 339 1522 meam
365 1476 481 1523 hinc
504 1492 619 1538 erga
643 1487 691 1523 te
713 1488 1025 1537 perspectam
1048 1476 1302 1537 exceperis
1327 1476 1501 1521 volun-

176 1560 345 1608 tatem,
374 1565 476 1596 non
503 1551 711 1596 moleste
738 1551 893 1596 feram
911 1561 1104 1597 tantum
1124 1550 1175 1596 in
1202 1549 1500 1596 eruditionis

181 1625 314 1684 apud
356 1635 404 1671 te
446 1625 737 1685 opinionem
787 1625 1031 1684 amisisse,
1077 1625 1352 1671 dummodo
1402 1639 1501 1668 non

181 1698 345 1743 minus
378 1699 430 1743 in
463 1699 647 1744 amoris
686 1700 841 1759 gradu
888 1714 1126 1759 assequar
1167 1697 1498 1745 auctoritatis.

184 1773 333 1828 Quod
372 1772 575 1831 quidem
611 1784 778 1819 tamen
812 1774 1014 1819 demum
1050 1774 1260 1833 adeptus
1291 1772 1502 1818 videbor

182 1861 295 1891 cum
323 1847 654 1907 rescripseris.
679 1848 736 1893 Id
762 1847 893 1892 enim
920 1863 1031 1893 cum
1054 1847 1248 1905 feceris,
1278 1861 1373 1907 que
1395 1845 1502 1891 sola

182 1933 298 1967 sunt
328 1921 658 1967 litteratorum
690 1922 949 1968 hominum
988 1921 1277 1967 firmissima
1315 1919 1500 1966 amoris

181 1996 378 2054 summi,
400 1996 528 2043 inter
548 2012 639 2042 nos
658 1996 835 2057 jecisse
854 1997 1136 2043 videbimur
1154 1997 1499 2042 fundamenta.

185 2071 247 2116 Et
271 2085 362 2130 ego
389 2085 503 2118 cum
531 2072 609 2116 Fr.
642 2071 827 2117 Puccio
855 2071 1213 2131 jurisconsulto
1241 2068 1501 2116 officiosis-

183 2143 330 2201 simo,
357 2154 462 2190 tum
488 2144 564 2190 vel
590 2144 803 2190 maxime
842 2144 935 2190 tibi
968 2144 1064 2204 ipsi
1096 2144 1379 2204 sapientum
1405 2142 1500 2186 hu-

181 2218 495 2276 manissimo,
544 2218 670 2264 illud
711 2233 788 2264 me
833 2219 1015 2264 debere
1050 2218 1329 2280 profitebor
1364 2217 1501 2277 quod

180 2291 318 2337 nulla
363 2306 588 2352 unquam
633 2291 794 2352 possit
836 2291 1031 2338 ratione
1080 2291 1300 2338 dissolvi.
1353 2291 1417 2336 Et
1461 2289 1503 2335 si

185 2364 337 2411 etiam
373 2380 474 2412 una
520 2381 634 2412 cum
674 2365 887 2427 epistola
918 2377 1006 2414 tua
1044 2365 1324 2413 orationem
1365 2363 1503 2410 illam
