1906 2984
704 291 972 335 —125-

183 420 416 466 dominus
469 418 723 465 Johannes
778 431 866 476 per
926 416 1017 462 hec
1070 415 1222 461 verba
1264 412 1492 458 formalia

182 492 440 552 respondit
468 506 478 536 ;
509 510 529 534 «
570 493 678 537 Hec
714 490 807 537 fuit
839 505 978 536 mens
1005 504 1094 535 sua
1127 487 1264 548 quod
1297 502 1356 532 ex
1392 500 1492 546 quo

184 582 284 612 non
321 566 570 612 invenitur
608 565 875 625 Origenem
902 578 1092 609 errasse
1128 577 1186 607 ex
1220 560 1494 621 pertinacia

181 640 470 696 voluntatis,
498 639 776 685 veresimile
800 649 873 685 est
897 648 944 684 et
966 637 1104 698 pium
1131 636 1330 682 credere
1358 635 1494 695 quod

185 714 317 758 Deus
346 712 608 758 salvaverit
635 726 763 757 eum.
802 728 821 753 ›>

389 831 606 876 SEPTIMA
638 843 908 874 CONCLUSIO
947 841 1286 873 DECLARANDA.

244 952 262 976 «
285 934 436 978 Nulla
462 943 534 978 est
559 931 774 977 sciencia
812 944 906 989 que
934 944 1025 975 nos
1065 929 1221 989 magis
1256 929 1495 975 certificet

183 1008 243 1053 de
269 1007 526 1052 divinitate
565 1004 751 1050 Christi
792 1018 943 1063 quam
982 1003 1144 1063 magia
1170 1014 1218 1048 et
1253 1003 1442 1048 cabala.
1471 1020 1490 1045 »

242 1081 379 1125 Idem
405 1079 636 1124 dominus
669 1077 924 1123 Johannes
951 1091 1118 1121 comes
1142 1090 1232 1135 pro
1270 1076 1494 1121 declara-

182 1155 320 1200 tione
346 1153 493 1211 hujus
523 1150 866 1197 conclusionis
892 1149 1016 1195 dixit
1048 1150 1140 1195 hec
1164 1150 1333 1206 verba,
1356 1149 1495 1194 vide-

181 1230 327 1274 licet:
356 1245 374 1269 «
399 1228 505 1272 Hec
523 1225 616 1272 fuit
637 1240 776 1270 mens
800 1239 906 1282 sua,
929 1224 1065 1283 quod
1083 1223 1211 1269 inter
1233 1223 1493 1280 sciencias‚

183 1301 233 1345 id
259 1311 331 1346 est
357 1315 452 1360 que
479 1310 593 1345 sunt
616 1314 730 1346 vere
755 1298 970 1344 sciencie
995 1309 1042 1344 et
1067 1312 1230 1356 neque
1258 1312 1318 1343 ex
1343 1298 1494 1342 modo

181 1375 488 1433 procedendi
526 1388 688 1433 neque
718 1387 777 1418 ex
813 1373 915 1418 suis
947 1372 1207 1432 principiis
1241 1386 1403 1431 neque
1438 1385 1497 1416 ex

183 1447 509 1494 conclusione
551 1447 831 1493 innituntur
856 1446 1104 1504 revelatis,
1132 1446 1270 1492 nulla
1297 1456 1371 1491 est
1399 1459 1495 1504 que

184 1538 276 1568 nos
304 1522 459 1582 magis
486 1521 728 1568 certificet
769 1536 827 1567 eo
855 1522 1007 1567 modo
1035 1536 1135 1581 quo
1170 1521 1230 1566 de
1264 1520 1361 1565 hoc
1388 1534 1495 1564 cer-

182 1596 372 1642 tificare
415 1605 627 1655 possunt
674 1594 887 1640 sciencie
935 1594 1225 1639 humanitus
1277 1593 1494 1649 invente,

186 1684 334 1728 quam
390 1668 552 1728 magia
591 1668 693 1725 illa,
740 1669 799 1713 de
841 1683 938 1727 qua
993 1667 1180 1712 ibidem
1239 1677 1496 1727 ponuntur

185 1742 567 1799 conclusiones;
594 1757 690 1801 que
732 1752 805 1788 est
846 1757 960 1801 pars
1000 1741 1217 1787 sciencie
1258 1739 1497 1786 naturalis

186 1828 232 1862 et
257 1832 370 1876 pars
397 1816 481 1861 illa
506 1816 694 1873 cabale‚
723 1831 819 1875 que
845 1827 918 1862 est
945 1815 1178 1873 sciencia,
1206 1826 1254 1861 et
1287 1830 1390 1859 non
1425 1823 1499 1859 est

184 1890 467 1949 theologica
494 1889 724 1935 revelata.
763 1908 782 1932 ))

247 2039 366 2083 Post
424 2038 841 2098 quarumquidem
896 2036 1282 2082 conclusionum
1359 2037 1497 2082 datas

186 2126 274 2170 per
299 2111 463 2170 ipsum
489 2111 749 2156 dominum
773 2111 1053 2157 Johannem
1079 2110 1311 2156 comitem
1340 2110 1501 2154 decla-

186 2185 422 2241 rationes,
451 2186 626 2230 eadem
653 2185 749 2242 die,
778 2199 946 2230 coram
980 2184 1252 2229 reverendo
1291 2183 1498 2228 domino

187 2258 530 2303 commissario
557 2269 604 2304 et
643 2257 859 2303 dominis
900 2257 1148 2317 deputatis
1180 2256 1417 2315 predictis
1444 2271 1501 2301 ac

187 2346 266 2377 me
292 2331 488 2377 notario
507 2331 711 2391 publico
738 2331 1076 2389 infrascripto,
1104 2330 1239 2375 idem
1266 2330 1500 2378 dominus

187 2405 438 2451 Johannes
483 2419 651 2451 comes
693 2404 816 2451 dixit
871 2415 917 2451 et
963 2414 1266 2465 protestatus
1311 2402 1403 2449 fuit
1447 2403 1498 2448 in
