<?xml version="1.0" encoding="UTF-8"?>
<!DOCTYPE html PUBLIC "-//W3C//DTD XHTML 1.0 Transitional//EN"
    "http://www.w3.org/TR/xhtml1/DTD/xhtml1-transitional.dtd">
<html xmlns="http://www.w3.org/1999/xhtml" xml:lang="en" lang="en">
 <head>
  <title>
</title>
<meta http-equiv="Content-Type" content="text/html;charset=utf-8" />
  <meta name='ocr-system' content='tesseract 3.04.00' />
  <meta name='ocr-capabilities' content='ocr_page ocr_carea ocr_par ocr_line ocrx_word'/>
</head>
<body>
  <div class='ocr_page' id='page_1' title='image "./picdelamirandole00dore_0174.png"; bbox 0 0 1906 2984; ppageno 0'>
   <div class='ocr_carea' id='block_1_1' title="bbox 894 273 1167 317">
    <p class='ocr_par' dir='ltr' id='par_1_1' title="bbox 894 273 1167 317">
     <span class='ocr_line' id='line_1_1' title="bbox 894 273 1167 317; baseline 0 0"><span class='ocrx_word' id='word_1_1' title='bbox 894 273 1167 317; x_wconf 79' lang='lat'>—166—</span> 
     </span>
    </p>
   </div>
   <div class='ocr_carea' id='block_1_2' title="bbox 363 396 1695 2467">
    <p class='ocr_par' dir='ltr' id='par_1_2' title="bbox 363 396 1695 2467">
     <span class='ocr_line' id='line_1_2' title="bbox 363 396 1685 455; baseline -0.002 -12"><span class='ocrx_word' id='word_1_2' title='bbox 363 398 541 444; x_wconf 83' lang='lat' dir='ltr'>choses</span> <span class='ocrx_word' id='word_1_3' title='bbox 603 412 705 443; x_wconf 92' lang='lat' dir='ltr'>non</span> <span class='ocrx_word' id='word_1_4' title='bbox 753 397 1098 455; x_wconf 72' lang='lat' dir='ltr'>considerans,</span> <span class='ocrx_word' id='word_1_5' title='bbox 1141 396 1306 442; x_wconf 81' lang='lat' dir='ltr'>iceulx</span> <span class='ocrx_word' id='word_1_6' title='bbox 1356 397 1685 453; x_wconf 84' lang='lat' dir='ltr'>detracteurs,</span> 
     </span>
     <span class='ocr_line' id='line_1_3' title="bbox 363 470 1686 531; baseline -0.001 -15"><span class='ocrx_word' id='word_1_7' title='bbox 363 473 601 531; x_wconf 79' lang='lat' dir='ltr'>ignorans</span> <span class='ocrx_word' id='word_1_8' title='bbox 627 471 943 518; x_wconf 82' lang='lat' dir='ltr'>totallement</span> <span class='ocrx_word' id='word_1_9' title='bbox 965 472 1012 516; x_wconf 94' lang='grc'>13</span> <span class='ocrx_word' id='word_1_10' title='bbox 1040 485 1188 531; x_wconf 87' lang='lat' dir='ltr'>vraye</span> <span class='ocrx_word' id='word_1_11' title='bbox 1216 470 1411 517; x_wconf 90' lang='lat' dir='ltr'>science</span> <span class='ocrx_word' id='word_1_12' title='bbox 1439 471 1499 516; x_wconf 93' lang='lat' dir='ltr'>de</span> <span class='ocrx_word' id='word_1_13' title='bbox 1525 481 1686 516; x_wconf 88' lang='lat' dir='ltr'>astro-</span> 
     </span>
     <span class='ocr_line' id='line_1_4' title="bbox 363 545 1689 606; baseline 0 -16"><span class='ocrx_word' id='word_1_14' title='bbox 363 546 491 606; x_wconf 84' lang='lat' dir='ltr'>logie</span> <span class='ocrx_word' id='word_1_15' title='bbox 534 557 581 592; x_wconf 93' lang='lat' dir='ltr'>et</span> <span class='ocrx_word' id='word_1_16' title='bbox 629 546 700 591; x_wconf 88' lang='lat' dir='ltr'>les</span> <span class='ocrx_word' id='word_1_17' title='bbox 748 546 1064 603; x_wconf 86' lang='lat' dir='ltr'>fondemens,</span> <span class='ocrx_word' id='word_1_18' title='bbox 1114 545 1384 605; x_wconf 82' lang='lat' dir='ltr'>principes,</span> <span class='ocrx_word' id='word_1_19' title='bbox 1431 545 1590 605; x_wconf 81' lang='lat' dir='ltr'>regles</span> <span class='ocrx_word' id='word_1_20' title='bbox 1642 556 1689 590; x_wconf 93' lang='lat' dir='ltr'>et</span> 
     </span>
     <span class='ocr_line' id='line_1_5' title="bbox 364 620 1689 680; baseline -0.001 -15"><span class='ocrx_word' id='word_1_21' title='bbox 364 620 559 665; x_wconf 87' lang='lat' dir='ltr'>moiens</span> <span class='ocrx_word' id='word_1_22' title='bbox 587 620 800 679; x_wconf 87' lang='lat' dir='ltr'>d’icelle,</span> <span class='ocrx_word' id='word_1_23' title='bbox 826 620 1030 666; x_wconf 86' lang='lat' dir='ltr'>affectez</span> <span class='ocrx_word' id='word_1_24' title='bbox 1055 621 1081 664; x_wconf 83' lang='grc'>3</span> <span class='ocrx_word' id='word_1_25' title='bbox 1104 620 1213 664; x_wconf 92' lang='lat' dir='ltr'>leur</span> <span class='ocrx_word' id='word_1_26' title='bbox 1236 634 1419 680; x_wconf 88' lang='lat' dir='ltr'>propre</span> <span class='ocrx_word' id='word_1_27' title='bbox 1445 620 1689 680; x_wconf 91' lang='lat' dir='ltr'>oppinion</span> 
     </span>
     <span class='ocr_line' id='line_1_6' title="bbox 364 694 1689 753; baseline 0 -13"><span class='ocrx_word' id='word_1_28' title='bbox 364 706 412 740; x_wconf 92' lang='lat' dir='ltr'>et</span> <span class='ocrx_word' id='word_1_29' title='bbox 435 695 634 740; x_wconf 79' lang='lat' dir='ltr'>volente</span> <span class='ocrx_word' id='word_1_30' title='bbox 662 695 934 753; x_wconf 88' lang='lat' dir='ltr'>mauvaise,</span> <span class='ocrx_word' id='word_1_31' title='bbox 963 696 990 739; x_wconf 83' lang='grc'>3</span> <span class='ocrx_word' id='word_1_32' title='bbox 1015 694 1168 740; x_wconf 85' lang='lat' dir='ltr'>faulte</span> <span class='ocrx_word' id='word_1_33' title='bbox 1196 695 1256 740; x_wconf 92' lang='lat' dir='ltr'>de</span> <span class='ocrx_word' id='word_1_34' title='bbox 1284 695 1480 741; x_wconf 87' lang='lat' dir='ltr'>scavoir</span> <span class='ocrx_word' id='word_1_35' title='bbox 1512 695 1559 740; x_wconf 93' lang='grc'>13</span> <span class='ocrx_word' id='word_1_36' title='bbox 1592 695 1689 740; x_wconf 91' lang='lat' dir='ltr'>dif-</span> 
     </span>
     <span class='ocr_line' id='line_1_7' title="bbox 364 768 1690 827; baseline 0 -13"><span class='ocrx_word' id='word_1_37' title='bbox 364 769 563 814; x_wconf 90' lang='lat' dir='ltr'>ferance</span> <span class='ocrx_word' id='word_1_38' title='bbox 590 770 677 814; x_wconf 90' lang='lat' dir='ltr'>des</span> <span class='ocrx_word' id='word_1_39' title='bbox 706 770 833 814; x_wconf 89' lang='lat' dir='ltr'>bons</span> <span class='ocrx_word' id='word_1_40' title='bbox 869 784 947 814; x_wconf 90' lang='lat' dir='ltr'>ars</span> <span class='ocrx_word' id='word_1_41' title='bbox 975 780 1022 814; x_wconf 93' lang='lat' dir='ltr'>et</span> <span class='ocrx_word' id='word_1_42' title='bbox 1047 770 1134 814; x_wconf 92' lang='lat' dir='ltr'>des</span> <span class='ocrx_word' id='word_1_43' title='bbox 1162 768 1385 814; x_wconf 86' lang='lat' dir='ltr'>mauvais</span> <span class='ocrx_word' id='word_1_44' title='bbox 1413 779 1460 814; x_wconf 93' lang='lat' dir='ltr'>et</span> <span class='ocrx_word' id='word_1_45' title='bbox 1494 769 1690 827; x_wconf 76' lang='lat' dir='ltr'>scavoir</span> 
     </span>
     <span class='ocr_line' id='line_1_8' title="bbox 366 843 1690 904; baseline -0.001 -15"><span class='ocrx_word' id='word_1_46' title='bbox 366 844 500 889; x_wconf 91' lang='lat' dir='ltr'>aussi</span> <span class='ocrx_word' id='word_1_47' title='bbox 526 858 726 903; x_wconf 88' lang='lat' dir='ltr'>separer</span> <span class='ocrx_word' id='word_1_48' title='bbox 751 844 796 889; x_wconf 99' lang='grc'>16</span> <span class='ocrx_word' id='word_1_49' title='bbox 823 859 943 904; x_wconf 88' lang='lat' dir='ltr'>vray</span> <span class='ocrx_word' id='word_1_50' title='bbox 969 844 1034 889; x_wconf 93' lang='lat' dir='ltr'>du</span> <span class='ocrx_word' id='word_1_51' title='bbox 1060 843 1213 902; x_wconf 81' lang='lat' dir='ltr'>saulx,</span> <span class='ocrx_word' id='word_1_52' title='bbox 1239 843 1284 888; x_wconf 92' lang='grc'>16</span> <span class='ocrx_word' id='word_1_53' title='bbox 1310 843 1457 888; x_wconf 88' lang='lat' dir='ltr'>blanc</span> <span class='ocrx_word' id='word_1_54' title='bbox 1484 843 1550 888; x_wconf 92' lang='lat' dir='ltr'>du</span> <span class='ocrx_word' id='word_1_55' title='bbox 1577 843 1690 888; x_wconf 89' lang='lat' dir='ltr'>noir</span> 
     </span>
     <span class='ocr_line' id='line_1_9' title="bbox 370 918 1690 979; baseline 0 -16"><span class='ocrx_word' id='word_1_56' title='bbox 370 930 417 965; x_wconf 91' lang='lat' dir='ltr'>et</span> <span class='ocrx_word' id='word_1_57' title='bbox 437 919 482 964; x_wconf 94' lang='grc'>16</span> <span class='ocrx_word' id='word_1_58' title='bbox 508 934 603 978; x_wconf 90' lang='lat' dir='ltr'>pur</span> <span class='ocrx_word' id='word_1_59' title='bbox 637 919 698 964; x_wconf 92' lang='lat' dir='ltr'>de</span> <span class='ocrx_word' id='word_1_60' title='bbox 725 918 941 978; x_wconf 83' lang='lat' dir='ltr'>l&#39;impur,</span> <span class='ocrx_word' id='word_1_61' title='bbox 975 918 1101 963; x_wconf 90' lang='lat' dir='ltr'>mais</span> <span class='ocrx_word' id='word_1_62' title='bbox 1127 919 1334 979; x_wconf 86' lang='lat' dir='ltr'>jugeans</span> <span class='ocrx_word' id='word_1_63' title='bbox 1360 918 1423 963; x_wconf 93' lang='lat' dir='ltr'>de</span> <span class='ocrx_word' id='word_1_64' title='bbox 1456 931 1512 963; x_wconf 91' lang='lat' dir='ltr'>ce</span> <span class='ocrx_word' id='word_1_65' title='bbox 1538 918 1565 962; x_wconf 80' lang='grc'>3</span> <span class='ocrx_word' id='word_1_66' title='bbox 1589 928 1690 963; x_wconf 87' lang='lat' dir='ltr'>tra—</span> 
     </span>
     <span class='ocr_line' id='line_1_10' title="bbox 365 991 1690 1053; baseline -0.002 -13"><span class='ocrx_word' id='word_1_67' title='bbox 365 1008 476 1040; x_wconf 87' lang='lat' dir='ltr'>vers</span> <span class='ocrx_word' id='word_1_68' title='bbox 504 1007 701 1038; x_wconf 90' lang='lat' dir='ltr'>comme</span> <span class='ocrx_word' id='word_1_69' title='bbox 727 992 961 1053; x_wconf 85' lang='lat' dir='ltr'>aveugles</span> <span class='ocrx_word' id='word_1_70' title='bbox 986 992 1095 1038; x_wconf 92' lang='lat' dir='ltr'>font</span> <span class='ocrx_word' id='word_1_71' title='bbox 1121 993 1181 1038; x_wconf 93' lang='lat' dir='ltr'>de</span> <span class='ocrx_word' id='word_1_72' title='bbox 1211 992 1464 1050; x_wconf 83' lang='lat' dir='ltr'>couleurs,</span> <span class='ocrx_word' id='word_1_73' title='bbox 1488 991 1690 1037; x_wconf 86' lang='lat' dir='ltr'>suivans</span> 
     </span>
     <span class='ocr_line' id='line_1_11' title="bbox 366 1066 1689 1123; baseline -0.001 -10"><span class='ocrx_word' id='word_1_74' title='bbox 366 1067 664 1113; x_wconf 90' lang='lat' dir='ltr'>seullement</span> <span class='ocrx_word' id='word_1_75' title='bbox 718 1067 828 1112; x_wconf 88' lang='lat' dir='ltr'>leur</span> <span class='ocrx_word' id='word_1_76' title='bbox 875 1067 977 1112; x_wconf 90' lang='lat' dir='ltr'>dite</span> <span class='ocrx_word' id='word_1_77' title='bbox 1034 1066 1270 1112; x_wconf 89' lang='lat' dir='ltr'>affection</span> <span class='ocrx_word' id='word_1_78' title='bbox 1319 1066 1689 1123; x_wconf 89' lang='lat' dir='ltr'>desordonne&#39;e‚</span> 
     </span>
     <span class='ocr_line' id='line_1_12' title="bbox 365 1140 1693 1202; baseline 0.001 -15"><span class='ocrx_word' id='word_1_79' title='bbox 365 1141 642 1202; x_wconf 85' lang='lat' dir='ltr'>procedant</span> <span class='ocrx_word' id='word_1_80' title='bbox 683 1141 744 1186; x_wconf 91' lang='lat' dir='ltr'>de</span> <span class='ocrx_word' id='word_1_81' title='bbox 785 1141 958 1186; x_wconf 87' lang='lat' dir='ltr'>faveur</span> <span class='ocrx_word' id='word_1_82' title='bbox 991 1141 1138 1186; x_wconf 88' lang='lat' dir='ltr'>d’une</span> <span class='ocrx_word' id='word_1_83' title='bbox 1180 1151 1306 1201; x_wconf 88' lang='lat' dir='ltr'>part,</span> <span class='ocrx_word' id='word_1_84' title='bbox 1335 1141 1398 1186; x_wconf 92' lang='lat' dir='ltr'>de</span> <span class='ocrx_word' id='word_1_85' title='bbox 1440 1140 1603 1201; x_wconf 88' lang='lat' dir='ltr'>hayne</span> <span class='ocrx_word' id='word_1_86' title='bbox 1645 1152 1693 1188; x_wconf 90' lang='lat' dir='ltr'>et</span> 
     </span>
     <span class='ocr_line' id='line_1_13' title="bbox 367 1214 1693 1275; baseline 0.002 -15"><span class='ocrx_word' id='word_1_87' title='bbox 367 1215 508 1261; x_wconf 88' lang='lat' dir='ltr'>envie</span> <span class='ocrx_word' id='word_1_88' title='bbox 528 1215 737 1274; x_wconf 87' lang='lat' dir='ltr'>d&#39;autre,</span> <span class='ocrx_word' id='word_1_89' title='bbox 758 1226 806 1261; x_wconf 91' lang='lat' dir='ltr'>et</span> <span class='ocrx_word' id='word_1_90' title='bbox 824 1216 868 1261; x_wconf 93' lang='lat' dir='ltr'>le</span> <span class='ocrx_word' id='word_1_91' title='bbox 887 1226 997 1261; x_wconf 92' lang='lat' dir='ltr'>tout</span> <span class='ocrx_word' id='word_1_92' title='bbox 1015 1215 1166 1261; x_wconf 82' lang='lat' dir='ltr'>fonde</span> <span class='ocrx_word' id='word_1_93' title='bbox 1194 1230 1279 1260; x_wconf 89' lang='lat' dir='ltr'>sur</span> <span class='ocrx_word' id='word_1_94' title='bbox 1297 1214 1587 1275; x_wconf 87' lang='lat' dir='ltr'>ignorance,</span> <span class='ocrx_word' id='word_1_95' title='bbox 1604 1227 1693 1262; x_wconf 91' lang='lat' dir='ltr'>ont</span> 
     </span>
     <span class='ocr_line' id='line_1_14' title="bbox 365 1289 1692 1349; baseline -0.001 -14"><span class='ocrx_word' id='word_1_96' title='bbox 365 1290 614 1349; x_wconf 89' lang='lat' dir='ltr'>pretendu</span> <span class='ocrx_word' id='word_1_97' title='bbox 648 1300 697 1335; x_wconf 94' lang='lat' dir='ltr'>et</span> <span class='ocrx_word' id='word_1_98' title='bbox 735 1304 785 1335; x_wconf 92' lang='lat' dir='ltr'>se</span> <span class='ocrx_word' id='word_1_99' title='bbox 813 1300 929 1335; x_wconf 91' lang='lat' dir='ltr'>sont</span> <span class='ocrx_word' id='word_1_100' title='bbox 969 1289 1203 1335; x_wconf 85' lang='lat' dir='ltr'>efforciez</span> <span class='ocrx_word' id='word_1_101' title='bbox 1237 1289 1380 1335; x_wconf 91' lang='lat' dir='ltr'>icelle</span> <span class='ocrx_word' id='word_1_102' title='bbox 1402 1300 1508 1336; x_wconf 88' lang='lat' dir='ltr'>tant</span> <span class='ocrx_word' id='word_1_103' title='bbox 1527 1290 1692 1336; x_wconf 84' lang='lat' dir='ltr'>excel-</span> 
     </span>
     <span class='ocr_line' id='line_1_15' title="bbox 366 1363 1692 1425; baseline 0 -15"><span class='ocrx_word' id='word_1_104' title='bbox 366 1365 500 1410; x_wconf 91' lang='lat' dir='ltr'>lante</span> <span class='ocrx_word' id='word_1_105' title='bbox 521 1375 568 1410; x_wconf 89' lang='lat' dir='ltr'>et</span> <span class='ocrx_word' id='word_1_106' title='bbox 585 1364 726 1410; x_wconf 88' lang='lat' dir='ltr'>utille</span> <span class='ocrx_word' id='word_1_107' title='bbox 743 1364 940 1409; x_wconf 90' lang='lat' dir='ltr'>science</span> <span class='ocrx_word' id='word_1_108' title='bbox 959 1374 1007 1409; x_wconf 91' lang='lat' dir='ltr'>et</span> <span class='ocrx_word' id='word_1_109' title='bbox 1026 1364 1072 1409; x_wconf 93' lang='grc'>13</span> <span class='ocrx_word' id='word_1_110' title='bbox 1086 1363 1382 1424; x_wconf 88' lang='lat' dir='ltr'>principalle</span> <span class='ocrx_word' id='word_1_111' title='bbox 1399 1374 1446 1411; x_wconf 91' lang='lat' dir='ltr'>et</span> <span class='ocrx_word' id='word_1_112' title='bbox 1460 1365 1692 1425; x_wconf 87' lang='lat' dir='ltr'>doyenne</span> 
     </span>
     <span class='ocr_line' id='line_1_16' title="bbox 368 1438 1689 1500; baseline 0.001 -16"><span class='ocrx_word' id='word_1_113' title='bbox 368 1439 455 1485; x_wconf 86' lang='lat' dir='ltr'>des</span> <span class='ocrx_word' id='word_1_114' title='bbox 494 1450 603 1500; x_wconf 90' lang='lat' dir='ltr'>sept</span> <span class='ocrx_word' id='word_1_115' title='bbox 644 1454 723 1484; x_wconf 87' lang='lat' dir='ltr'>ars</span> <span class='ocrx_word' id='word_1_116' title='bbox 763 1438 1027 1497; x_wconf 87' lang='lat' dir='ltr'>liberaulx,</span> <span class='ocrx_word' id='word_1_117' title='bbox 1064 1438 1334 1499; x_wconf 81' lang='lat' dir='ltr'>astrologie</span> <span class='ocrx_word' id='word_1_118' title='bbox 1374 1439 1689 1499; x_wconf 78' lang='lat' dir='ltr'>villipender,</span> 
     </span>
     <span class='ocr_line' id='line_1_17' title="bbox 367 1513 1691 1574; baseline 0.001 -16"><span class='ocrx_word' id='word_1_119' title='bbox 367 1513 550 1558; x_wconf 88' lang='lat' dir='ltr'>abollir</span> <span class='ocrx_word' id='word_1_120' title='bbox 568 1524 615 1559; x_wconf 90' lang='lat' dir='ltr'>et</span> <span class='ocrx_word' id='word_1_121' title='bbox 633 1513 879 1559; x_wconf 85' lang='lat' dir='ltr'>destruire</span> <span class='ocrx_word' id='word_1_122' title='bbox 902 1513 968 1558; x_wconf 91' lang='lat' dir='ltr'>du</span> <span class='ocrx_word' id='word_1_123' title='bbox 993 1523 1105 1559; x_wconf 87' lang='lat' dir='ltr'>tout</span> <span class='ocrx_word' id='word_1_124' title='bbox 1130 1513 1360 1572; x_wconf 91' lang='lat' dir='ltr'>quasiles</span> <span class='ocrx_word' id='word_1_125' title='bbox 1376 1513 1691 1574; x_wconf 82' lang='lat' dir='ltr'>principaulx</span> 
     </span>
     <span class='ocr_line' id='line_1_18' title="bbox 368 1587 1693 1648; baseline 0.002 -16"><span class='ocrx_word' id='word_1_126' title='bbox 368 1587 518 1633; x_wconf 89' lang='lat' dir='ltr'>livres</span> <span class='ocrx_word' id='word_1_127' title='bbox 541 1587 734 1633; x_wconf 87' lang='lat' dir='ltr'>d&#39;icelle</span> <span class='ocrx_word' id='word_1_128' title='bbox 758 1602 872 1633; x_wconf 88' lang='lat' dir='ltr'>sans</span> <span class='ocrx_word' id='word_1_129' title='bbox 893 1603 925 1648; x_wconf 85' lang='lat' dir='ltr'>y</span> <span class='ocrx_word' id='word_1_130' title='bbox 947 1588 1126 1647; x_wconf 83' lang='lat' dir='ltr'>garder</span> <span class='ocrx_word' id='word_1_131' title='bbox 1146 1601 1208 1632; x_wconf 92' lang='lat' dir='ltr'>ne</span> <span class='ocrx_word' id='word_1_132' title='bbox 1235 1588 1472 1634; x_wconf 76' lang='lat' dir='ltr'>observet·</span> <span class='ocrx_word' id='word_1_133' title='bbox 1497 1603 1693 1634; x_wconf 88' lang='lat' dir='ltr'>aucune</span> 
     </span>
     <span class='ocr_line' id='line_1_19' title="bbox 370 1661 1694 1724; baseline 0.002 -18"><span class='ocrx_word' id='word_1_134' title='bbox 370 1663 518 1707; x_wconf 89' lang='lat' dir='ltr'>ordre</span> <span class='ocrx_word' id='word_1_135' title='bbox 551 1663 612 1707; x_wconf 88' lang='lat' dir='ltr'>de</span> <span class='ocrx_word' id='word_1_136' title='bbox 639 1661 773 1708; x_wconf 88' lang='lat' dir='ltr'>droit</span> <span class='ocrx_word' id='word_1_137' title='bbox 799 1676 860 1707; x_wconf 93' lang='lat' dir='ltr'>ne</span> <span class='ocrx_word' id='word_1_138' title='bbox 888 1662 949 1706; x_wconf 92' lang='lat' dir='ltr'>de</span> <span class='ocrx_word' id='word_1_139' title='bbox 987 1662 1180 1721; x_wconf 84' lang='lat' dir='ltr'>justice,</span> <span class='ocrx_word' id='word_1_140' title='bbox 1211 1676 1272 1707; x_wconf 92' lang='lat' dir='ltr'>ne</span> <span class='ocrx_word' id='word_1_141' title='bbox 1311 1662 1533 1722; x_wconf 87' lang='lat' dir='ltr'>appeller</span> <span class='ocrx_word' id='word_1_142' title='bbox 1573 1677 1694 1724; x_wconf 89' lang='lat' dir='ltr'>gens</span> 
     </span>
     <span class='ocr_line' id='line_1_20' title="bbox 370 1735 1694 1798; baseline 0.001 -16"><span class='ocrx_word' id='word_1_143' title='bbox 370 1750 546 1796; x_wconf 81' lang='lat' dir='ltr'>expers</span> <span class='ocrx_word' id='word_1_144' title='bbox 575 1751 636 1782; x_wconf 89' lang='lat' dir='ltr'>en</span> <span class='ocrx_word' id='word_1_145' title='bbox 662 1735 805 1781; x_wconf 88' lang='lat' dir='ltr'>icelle</span> <span class='ocrx_word' id='word_1_146' title='bbox 850 1735 1074 1794; x_wconf 83' lang='lat' dir='ltr'>matiere,</span> <span class='ocrx_word' id='word_1_147' title='bbox 1103 1736 1206 1781; x_wconf 86' lang='lat' dir='ltr'>fors</span> <span class='ocrx_word' id='word_1_148' title='bbox 1233 1736 1349 1782; x_wconf 83' lang='lat' dir='ltr'>eulx</span> <span class='ocrx_word' id='word_1_149' title='bbox 1375 1736 1459 1795; x_wconf 90' lang='lat' dir='ltr'>qui</span> <span class='ocrx_word' id='word_1_150' title='bbox 1500 1737 1581 1798; x_wconf 89' lang='lat' dir='ltr'>n’y</span> <span class='ocrx_word' id='word_1_151' title='bbox 1606 1752 1694 1783; x_wconf 88' lang='lat' dir='ltr'>en-</span> 
     </span>
     <span class='ocr_line' id='line_1_21' title="bbox 369 1809 1695 1872; baseline 0.002 -17"><span class='ocrx_word' id='word_1_152' title='bbox 369 1811 577 1857; x_wconf 88' lang='lat' dir='ltr'>tendent</span> <span class='ocrx_word' id='word_1_153' title='bbox 598 1809 748 1869; x_wconf 87' lang='lat' dir='ltr'>riens,</span> <span class='ocrx_word' id='word_1_154' title='bbox 767 1809 891 1856; x_wconf 88' lang='lat' dir='ltr'>mais</span> <span class='ocrx_word' id='word_1_155' title='bbox 911 1825 1065 1855; x_wconf 89' lang='lat' dir='ltr'>usans</span> <span class='ocrx_word' id='word_1_156' title='bbox 1085 1810 1380 1857; x_wconf 79' lang='lat' dir='ltr'>d&#39;auctorite</span> <span class='ocrx_word' id='word_1_157' title='bbox 1401 1813 1695 1872; x_wconf 79' lang='lat' dir='ltr'>emprunte&#39;e</span> 
     </span>
     <span class='ocr_line' id='line_1_22' title="bbox 371 1885 1695 1932; baseline 0.001 -2"><span class='ocrx_word' id='word_1_158' title='bbox 371 1895 419 1930; x_wconf 87' lang='lat' dir='ltr'>et</span> <span class='ocrx_word' id='word_1_159' title='bbox 443 1885 504 1930; x_wconf 93' lang='lat' dir='ltr'>de</span> <span class='ocrx_word' id='word_1_160' title='bbox 530 1885 576 1929; x_wconf 90' lang='grc'>13</span> <span class='ocrx_word' id='word_1_161' title='bbox 603 1885 772 1931; x_wconf 89' lang='lat' dir='ltr'>raison</span> <span class='ocrx_word' id='word_1_162' title='bbox 799 1895 1042 1930; x_wconf 89' lang='lat' dir='ltr'>contenue</span> <span class='ocrx_word' id='word_1_163' title='bbox 1070 1899 1132 1930; x_wconf 90' lang='lat' dir='ltr'>en</span> <span class='ocrx_word' id='word_1_164' title='bbox 1157 1900 1212 1930; x_wconf 93' lang='lat' dir='ltr'>ce</span> <span class='ocrx_word' id='word_1_165' title='bbox 1246 1896 1432 1931; x_wconf 89' lang='lat' dir='ltr'>rnectre</span> <span class='ocrx_word' id='word_1_166' title='bbox 1459 1886 1520 1932; x_wconf 90' lang='lat' dir='ltr'>de</span> <span class='ocrx_word' id='word_1_167' title='bbox 1545 1886 1695 1932; x_wconf 88' lang='lat' dir='ltr'>Juve-</span> 
     </span>
     <span class='ocr_line' id='line_1_23' title="bbox 372 1959 1692 2022; baseline 0.003 -19"><span class='ocrx_word' id='word_1_168' title='bbox 372 1959 453 2004; x_wconf 90' lang='lat' dir='ltr'>nal</span> <span class='ocrx_word' id='word_1_169' title='bbox 477 1974 486 2004; x_wconf 89' lang='lat'>:</span> <span class='ocrx_word' id='word_1_170' title='bbox 506 1960 589 2006; x_wconf 86' lang='lat' dir='ltr'>Sic</span> <span class='ocrx_word' id='word_1_171' title='bbox 611 1961 734 2015; x_wconf 75' lang='lat' dir='ltr'>volo,</span> <span class='ocrx_word' id='word_1_172' title='bbox 762 1961 832 2006; x_wconf 82' lang='lat' dir='ltr'>sic</span> <span class='ocrx_word' id='word_1_173' title='bbox 843 1960 1009 2022; x_wconf 84' lang='lat' dir='ltr'>jubeo,</span> <span class='ocrx_word' id='word_1_174' title='bbox 1029 1960 1096 2006; x_wconf 85' lang='lat' dir='ltr'>sit</span> <span class='ocrx_word' id='word_1_175' title='bbox 1110 1975 1205 2022; x_wconf 83' lang='lat' dir='ltr'>pro</span> <span class='ocrx_word' id='word_1_176' title='bbox 1233 1961 1433 2007; x_wconf 80' lang='lat' dir='ltr'>racione</span> <span class='ocrx_word' id='word_1_177' title='bbox 1453 1961 1692 2019; x_wconf 77' lang='lat' dir='ltr'>voluntas,</span> 
     </span>
     <span class='ocr_line' id='line_1_24' title="bbox 370 2033 1695 2094; baseline 0.004 -17"><span class='ocrx_word' id='word_1_178' title='bbox 370 2033 494 2078; x_wconf 90' lang='lat' dir='ltr'>l&#39;ont</span> <span class='ocrx_word' id='word_1_179' title='bbox 551 2034 867 2094; x_wconf 81' lang='lat' dir='ltr'>calumpniee</span> <span class='ocrx_word' id='word_1_180' title='bbox 916 2035 975 2080; x_wconf 92' lang='lat' dir='ltr'>de</span> <span class='ocrx_word' id='word_1_181' title='bbox 1036 2035 1373 2094; x_wconf 88' lang='lat' dir='ltr'>supersticion</span> <span class='ocrx_word' id='word_1_182' title='bbox 1414 2051 1480 2081; x_wconf 91' lang='lat' dir='ltr'>ou</span> <span class='ocrx_word' id='word_1_183' title='bbox 1515 2036 1695 2082; x_wconf 89' lang='lat' dir='ltr'>sesdits</span> 
     </span>
     <span class='ocr_line' id='line_1_25' title="bbox 371 2107 1695 2170; baseline 0.002 -18"><span class='ocrx_word' id='word_1_184' title='bbox 371 2107 520 2153; x_wconf 88' lang='lat' dir='ltr'>livres</span> <span class='ocrx_word' id='word_1_185' title='bbox 543 2119 716 2154; x_wconf 91' lang='lat' dir='ltr'>contre</span> <span class='ocrx_word' id='word_1_186' title='bbox 742 2119 880 2154; x_wconf 92' lang='lat' dir='ltr'>toute</span> <span class='ocrx_word' id='word_1_187' title='bbox 907 2107 1080 2166; x_wconf 81' lang='lat' dir='ltr'>verite,</span> <span class='ocrx_word' id='word_1_188' title='bbox 1110 2118 1158 2153; x_wconf 92' lang='lat' dir='ltr'>et</span> <span class='ocrx_word' id='word_1_189' title='bbox 1184 2124 1320 2170; x_wconf 90' lang='lat' dir='ltr'>moy,</span> <span class='ocrx_word' id='word_1_190' title='bbox 1361 2124 1454 2155; x_wconf 89' lang='lat' dir='ltr'>son</span> <span class='ocrx_word' id='word_1_191' title='bbox 1492 2109 1695 2170; x_wconf 84' lang='lat' dir='ltr'>indigne</span> 
     </span>
     <span class='ocr_line' id='line_1_26' title="bbox 371 2181 1695 2243; baseline 0.002 -16"><span class='ocrx_word' id='word_1_192' title='bbox 371 2192 420 2227; x_wconf 93' lang='lat' dir='ltr'>et</span> <span class='ocrx_word' id='word_1_193' title='bbox 444 2182 568 2242; x_wconf 90' lang='lat' dir='ltr'>petit</span> <span class='ocrx_word' id='word_1_194' title='bbox 592 2182 819 2242; x_wconf 88' lang='lat' dir='ltr'>disciple,</span> <span class='ocrx_word' id='word_1_195' title='bbox 846 2183 932 2227; x_wconf 78' lang='lat' dir='ltr'>des</span> <span class='ocrx_word' id='word_1_196' title='bbox 958 2181 1079 2243; x_wconf 82' lang='lat' dir='ltr'>long</span> <span class='ocrx_word' id='word_1_197' title='bbox 1102 2192 1264 2243; x_wconf 89' lang='lat' dir='ltr'>temps</span> <span class='ocrx_word' id='word_1_198' title='bbox 1304 2197 1365 2228; x_wconf 92' lang='lat' dir='ltr'>en</span> <span class='ocrx_word' id='word_1_199' title='bbox 1392 2199 1448 2242; x_wconf 79' lang='lat' dir='ltr'>ca</span> <span class='ocrx_word' id='word_1_200' title='bbox 1475 2183 1695 2230; x_wconf 86' lang='lat' dir='ltr'>diverse-</span> 
     </span>
     <span class='ocr_line' id='line_1_27' title="bbox 373 2257 1692 2317; baseline 0.001 -15"><span class='ocrx_word' id='word_1_201' title='bbox 373 2267 508 2302; x_wconf 88' lang='lat' dir='ltr'>ment</span> <span class='ocrx_word' id='word_1_202' title='bbox 549 2257 775 2315; x_wconf 81' lang='lat' dir='ltr'>moleste,</span> <span class='ocrx_word' id='word_1_203' title='bbox 821 2268 868 2302; x_wconf 93' lang='lat' dir='ltr'>et</span> <span class='ocrx_word' id='word_1_204' title='bbox 907 2267 1018 2303; x_wconf 90' lang='lat' dir='ltr'>tout</span> <span class='ocrx_word' id='word_1_205' title='bbox 1045 2272 1110 2302; x_wconf 94' lang='lat' dir='ltr'>ou</span> <span class='ocrx_word' id='word_1_206' title='bbox 1154 2268 1410 2317; x_wconf 89' lang='lat' dir='ltr'>contempt</span> <span class='ocrx_word' id='word_1_207' title='bbox 1449 2258 1510 2303; x_wconf 89' lang='lat' dir='ltr'>de</span> <span class='ocrx_word' id='word_1_208' title='bbox 1549 2273 1692 2315; x_wconf 89' lang='lat' dir='ltr'>vous,</span> 
     </span>
     <span class='ocr_line' id='line_1_28' title="bbox 373 2331 1694 2392; baseline 0.001 -16"><span class='ocrx_word' id='word_1_209' title='bbox 373 2331 499 2377; x_wconf 82' lang='lat' dir='ltr'>Sire.</span> <span class='ocrx_word' id='word_1_210' title='bbox 529 2332 627 2377; x_wconf 90' lang='lat' dir='ltr'>Car</span> <span class='ocrx_word' id='word_1_211' title='bbox 663 2347 742 2377; x_wconf 91' lang='lat' dir='ltr'>ma</span> <span class='ocrx_word' id='word_1_212' title='bbox 780 2331 1027 2392; x_wconf 77' lang='lat' dir='ltr'>premiere</span> <span class='ocrx_word' id='word_1_213' title='bbox 1062 2332 1393 2392; x_wconf 88' lang='lat' dir='ltr'>persecucion</span> <span class='ocrx_word' id='word_1_214' title='bbox 1429 2343 1502 2378; x_wconf 90' lang='lat' dir='ltr'>est</span> <span class='ocrx_word' id='word_1_215' title='bbox 1533 2347 1694 2378; x_wconf 84' lang='lat' dir='ltr'>venue</span> 
     </span>
     <span class='ocr_line' id='line_1_29' title="bbox 372 2405 1694 2467; baseline 0 -16"><span class='ocrx_word' id='word_1_216' title='bbox 372 2406 460 2451; x_wconf 87' lang='lat' dir='ltr'>des</span> <span class='ocrx_word' id='word_1_217' title='bbox 486 2406 744 2466; x_wconf 83' lang='lat' dir='ltr'>jugemens</span> <span class='ocrx_word' id='word_1_218' title='bbox 770 2421 866 2466; x_wconf 90' lang='lat' dir='ltr'>que</span> <span class='ocrx_word' id='word_1_219' title='bbox 893 2407 938 2466; x_wconf 90' lang='lat' dir='ltr'>je</span> <span class='ocrx_word' id='word_1_220' title='bbox 965 2420 1026 2467; x_wconf 89' lang='lat' dir='ltr'>ay</span> <span class='ocrx_word' id='word_1_221' title='bbox 1050 2405 1146 2451; x_wconf 85' lang='lat' dir='ltr'>saiz</span> <span class='ocrx_word' id='word_1_222' title='bbox 1170 2421 1303 2466; x_wconf 83' lang='lat' dir='ltr'>pour</span> <span class='ocrx_word' id='word_1_223' title='bbox 1327 2421 1452 2453; x_wconf 90' lang='lat' dir='ltr'>vous</span> <span class='ocrx_word' id='word_1_224' title='bbox 1494 2407 1521 2451; x_wconf 83' lang='lat' dir='ltr'>a</span> <span class='ocrx_word' id='word_1_225' title='bbox 1565 2406 1694 2452; x_wconf 90' lang='lat' dir='ltr'>Lion</span> 
     </span>
    </p>
   </div>
  </div>
 </body>
</html>
