1906 2984
910 275 1181 318 ,144-

389 397 498 428 eam
545 383 768 445 magistri
809 383 1034 444 deputati
1070 386 1312 432 fecerunt.
1348 388 1595 435 Promitto
1635 390 1709 435 illi

389 472 646 517 nunquam
681 467 1143 517 contraventurum,
1180 470 1227 506 et
1258 460 1326 506 ita
1358 462 1488 522 juro,
1513 473 1560 508 et
1586 478 1707 508 con-

386 530 532 577 fiteor
556 532 833 592 predictam
852 533 1253 580 declaracionem
1279 550 1381 581 non
1407 535 1709 584 sufficienter

387 605 577 652 salvare
603 605 955 652 conclusiones
980 607 1248 667 predictas.

621 697 695 741 Ita
719 705 894 742 testor.
921 697 1003 742 Jo.
1023 697 1083 742 de
1108 698 1286 757 Myrle,
1308 713 1456 744 manu
1485 700 1703 759 propria.

733 1061 887 1106 COPIA
920 1075 1129 1107 SECUNDI
1164 1076 1352 1107 BREVIS.

442 1193 768 1239 Venerabiles
811 1194 1005 1252 fratres,
1052 1194 1263 1240 salutem
1297 1205 1344 1240 et
1379 1195 1707 1254 apostolicam

386 1268 806 1314 benedictionem.
826 1296 882 1301 —
909 1269 1267 1329 Superioribus
1294 1269 1569 1327 mensibus,
1594 1285 1706 1316 cum

386 1344 597 1389 dilectus
618 1341 1018 1388 filiusJohannes
1034 1343 1201 1401 Picus,
1216 1343 1500 1389 Concordie
1520 1359 1707 1404 comes,

385 1421 606 1467 diversas
626 1421 877 1467 variarum
899 1420 1193 1466 facultatum
1218 1421 1572 1467 conclusiones
1590 1436 1707 1482 pro-

382 1495 635 1553 posuisset
675 1495 875 1555 publice
921 1495 1266 1555 disputandas,
1309 1510 1405 1555 que
1445 1496 1522 1541 vel
1567 1511 1627 1541 ex
1661 1495 1707 1540 vi

384 1570 654 1614 verborum
703 1585 730 1614 a
783 1569 982 1615 tramite
1040 1570 1285 1615 ortodoxe
1335 1569 1452 1615 fidei
1507 1571 1706 1616 deviare

384 1643 540 1695 videri
582 1654 835 1703 poterant,
873 1643 950 1689 vel
994 1655 1199 1703 propter
1247 1659 1377 1689 nova
1418 1655 1465 1689 et
1512 1645 1707 1691 insueta

382 1718 628 1765 vocabula
673 1718 1018 1763 declaracione
1068 1718 1530 1778 explanacioneque
1576 1719 1708 1765 indi—

383 1808 514 1853 gere,
534 1795 642 1851 tibi,
664 1795 1020 1853 Tornacensis,
1047 1810 1135 1855 per
1153 1795 1275 1840 alias
1294 1806 1493 1841 nostras
1512 1795 1706 1842 litteras

381 1867 432 1913 in
469 1869 628 1914 forma
663 1869 825 1915 brevis
861 1869 1203 1915 commisimus
1244 1881 1299 1915 ut
1333 1869 1706 1916 venerabilibus

380 1943 615 1990 fratribus
655 1944 842 1989 nostris
881 1943 1130 2003 episcopis
1165 1955 1213 1989 et
1246 1944 1356 1989 aliis
1389 1959 1527 1989 sacre
1560 1945 1705 1990 theo-

380 2018 511 2078 logie
551 2018 941 2079 professoribus,
978 2019 1040 2063 ad
1076 2018 1128 2064 id
1169 2033 1196 2063 a
1236 2019 1381 2063 nobis
1423 2018 1707 2077 specialiter

380 2092 648 2153 deputatis,
670 2108 725 2138 ac
749 2092 906 2138 eciam
926 2092 1059 2139 dicto
1083 2092 1301 2138 Johanni
1327 2092 1429 2152 (sic)
1455 2092 1575 2137 Pico
1595 2107 1706 2137 con-

378 2167 569 2213 vocatis
614 2182 727 2212 cum
769 2167 959 2212 eisdem
998 2167 1296 2213 auctoritate
1339 2177 1510 2212 nostra
1547 2167 1706 2226 presi·

379 2241 562 2300 dendo,
585 2240 805 2287 efficeres
827 2252 880 2287 ut
904 2241 1152 2302 ejusmodi
1171 2240 1524 2286 conclusiones
1543 2240 1705 2285 discu-

376 2325 599 2360 terentur
641 2326 689 2361 et
732 2315 794 2360 ad
840 2329 1046 2361 examen
1088 2314 1451 2361 venerabilium
1495 2314 1703 2360 fratrum

378 2400 666 2435 nostrorum
703 2403 839 2435 sacre
870 2390 1092 2434 Romane
1121 2388 1343 2434 Ecclesie
1371 2387 1703 2434 cardinalium
