1906 2984
839 306 1111 349 —118—

368 430 424 474 In
465 429 690 475 inferiori
732 440 872 490 parte
914 430 1163 477 dictarum
1210 432 1490 479 litterarum
1525 444 1631 481 erat

311 504 552 564 scriptum
571 504 666 550 hoc
690 519 893 563 nomen,
920 505 1183 553 videlicet:
1207 507 1322 553 Hm.
1350 509 1626 556 BALBANUS.

312 580 463 624 Extra
503 593 622 624 vero
658 578 708 623 in
743 580 920 625 eodem
963 580 1101 626 brevi
1131 582 1316 641 scripta
1357 594 1499 629 erant
1538 583 1629 629 hec

310 654 478 710 verba,
505 652 777 700 videlicet:
816 655 1097 700 Venerabili
1121 656 1289 719 fratri
1328 666 1492 703 nostro
1526 658 1630 719 epi-

305 742 448 789 scopo
483 728 799 787 Tornacensi,
831 728 1000 776 domus
1023 738 1188 776 nostre
1214 731 1472 795 magistro.

368 1026 565 1082 Quibus
592 1026 796 1086 quidem
829 1025 1008 1072 litteris
1030 1025 1081 1071 in
1106 1025 1267 1071 forma
1292 1025 1457 1072 brevis
1481 1041 1630 1088 expe-

309 1101 426 1147 ditis
482 1111 529 1146 et
579 1101 772 1161 prefato
824 1101 1100 1146 reverendo
1145 1100 1351 1146 domino
1391 1101 1628 1162 Johanni,

308 1176 547 1236 episcopo
566 1176 895 1234 Tornacensi,
921 1176 972 1221 in
994 1176 1087 1221 hac
1105 1187 1245 1236 parte
1265 1177 1627 1236 commissario,

309 1265 369 1296 ex
393 1261 533 1311 parte
559 1250 861 1297 sanctissimi
887 1250 1092 1295 Domini
1118 1251 1276 1297 nostri
1299 1252 1432 1311 Pape
1451 1252 1630 1311 prefati

308 1326 626 1386 presentatis,
656 1336 703 1371 et
744 1340 833 1385 per
872 1327 1105 1371 eumdem
1145 1325 1407 1370 dominum
1439 1327 1630 1373 Johan-

308 1415 439 1459 nem,
483 1400 777 1461 episcopum
812 1411 860 1446 et
899 1400 1317 1458 commissarium,
1343 1416 1456 1446 cum
1493 1402 1630 1447 omni

309 1490 408 1534 qua
430 1474 597 1520 decuit
617 1475 919 1533 reverencia,
947 1485 1002 1520 ut
1027 1474 1178 1519 michi
1205 1475 1402 1521 notario
1424 1475 1630 1536 publico

308 1549 626 1609 infrascripto
663 1549 874 1594 relatum
915 1549 1024 1607 fuit,
1053 1549 1284 1609 receptis,
1311 1549 1445 1595 idem
1468 1550 1631 1595 domi-

311 1640 405 1671 nus
461 1623 729 1684 episcopus
783 1634 831 1669 et
886 1623 1282 1681 commissarius,
1339 1624 1448 1670 viso
1492 1625 1631 1685 prius

308 1710 483 1746 tenore
510 1698 757 1744 dictarum
782 1698 1063 1744 litterarum
1096 1709 1143 1744 et
1169 1698 1422 1745 intellecta
1456 1699 1631 1760 hujus-

308 1772 445 1819 modi
472 1772 847 1829 commissione,
873 1772 1155 1829 intendens‚
1176 1782 1326 1832 prout
1347 1774 1630 1832 tenebatur,

308 1846 557 1893 mandatis
599 1856 646 1892 et
687 1845 1032 1891 commissioni
1083 1846 1386 1892 sanctissimi
1428 1847 1632 1894 Domini

308 1921 467 1968 nostri
489 1922 623 1981 Pape
653 1920 1000 1980 obtemperare
1026 1930 1073 1966 et
1098 1920 1236 1966 illam
1257 1921 1424 1967 debite
1451 1936 1631 1967 execu-

307 1995 434 2042 tioni
455 1996 774 2053 demandare,
799 1994 915 2040 fecit
934 2009 990 2040 ac
1007 1995 1255 2054 processit
1271 1995 1323 2042 in
1341 1996 1632 2056 hujusmodi

310 2070 539 2131 negocio,
566 2079 716 2131 prout
741 2069 870 2115 infra
896 2069 1139 2129 sequitur.

369 2294 430 2339 Et
493 2293 619 2338 rimo
642 2308 651 2338 :

369 2308 648 2428 Diepprima
673 2367 859 2414 mensis
885 2368 1059 2414 marcii
1085 2368 1145 2414 de
1166 2382 1297 2414 anno
1325 2382 1352 2413 a
1371 2367 1631 2414 nativitate

312 2441 517 2489 Domini
536 2443 612 2488 Mo
634 2442 1095 2489 CCCCLXXXVIJ
1101 2454 1138 2501 0,
1159 2441 1384 2503 prefatus
1407 2456 1632 2489 reveren·
