1906 2984
715 283 983 340 ,167-

197 416 245 451 et
272 408 298 450 a
326 406 483 463 Paris,
506 406 768 452 toutesfois
797 407 935 450 selon
963 416 1010 450 et
1036 413 1334 450 conservant
1358 417 1506 463 pure-

199 490 333 524 ment
355 480 503 525 ladite
531 479 725 525 science
752 478 1089 538 d’astrologie,
1111 478 1211 522 telx
1231 477 1347 536 qu'il
1372 477 1508 536 pleut

196 553 295 597 lors
311 555 337 597 a
357 555 634 598 vostretres
657 554 824 598 sacree
847 553 1068 612 Mageste
1092 566 1167 596 me
1187 551 1510 596 commander

197 626 332 680 faire,
351 641 405 670 ce
429 642 524 685 que
541 627 585 685 je
604 626 697 670 seiz
716 641 776 671 en
795 625 988 686 publiq,
1004 640 1064 670 en
1084 634 1249 671 vostre
1271 637 1508 683 presence

197 711 244 745 et
270 701 329 744 de
354 700 603 758 plusieurs
630 715 776 759 grans
803 699 959 744 clercs
987 709 1033 743 et
1060 709 1227 744 autres
1255 697 1508 756 seigneurs

196 773 257 817 de
282 784 446 818 vostre
475 787 611 832 sang.
638 773 681 816 A
707 786 853 817 cause
880 772 940 816 de
967 786 1102 830 quoy
1121 786 1172 815 se
1199 770 1362 815 esleva
1388 784 1508 814 con-

194 857 268 890 tre
295 861 410 905 moy
447 857 584 891 entre
630 860 819 890 aucuns
862 844 1017 890 cestui
1057 845 1341 890 detracteur
1365 843 1509 902 igno-

198 930 306 964 rant
332 931 379 965 et
421 934 516 979 ney
555 919 615 964 de
656 918 755 963 lieu
796 919 996 975 obscur,
1026 932 1107 962 sec
1148 929 1194 963 et
1235 916 1402 962 brusle'
1443 917 1509 961 du

194 993 301 1037 vice
350 993 554 1052 d'envye
599 1002 646 1037 et
706 991 952 1051 principal
1003 1005 1217 1050 ennemy
1264 990 1324 1034 de
1377 1000 1509 1034 ceste

196 1067 409 1121 science,
436 1065 601 1124 lequel
624 1065 736 1110 s’est
770 1064 953 1109 efforce
980 1078 1187 1109 accuser
1221 1063 1281 1108 de
1309 1076 1510 1121 supers-

195 1139 352 1184 ticion
394 1139 465 1183 les
498 1138 646 1183 livres
678 1139 739 1183 de
777 1153 832 1183 ce
870 1152 984 1197 sage
1018 1137 1323 1197 philozophe
1357 1135 1511 1180 Albu-

195 1227 376 1269 mazar,
401 1212 461 1256 de
485 1212 719 1268 Alkinde,
746 1212 982 1267 Abraam,
1010 1211 1070 1255 de
1100 1210 1420 1270 Hispalence,
1449 1208 1509 1253 de

192 1286 487 1343 Albubater,
522 1286 582 1330 de
617 1284 882 1344 Jolangeli,
925 1284 1250 1330 astrolabium
1283 1283 1506 1345 planum,

191 1357 444 1415 Alcabice⁷
475 1358 663 1403 amicus
696 1358 1012 1413 medicorum,
1055 1367 1104 1403 et
1138 1367 1302 1402 autres
1329 1370 1509 1401 souve-

192 1431 326 1476 rains
366 1441 561 1476 acteurs
599 1430 792 1476 d'icelle
829 1431 1044 1488 science,
1078 1445 1209 1490 pour
1247 1429 1511 1489 lesquieux

191 1504 446 1550 deffendre
472 1505 517 1564 je
549 1515 679 1551 metz
719 1519 781 1550 en
814 1516 960 1550 avant
988 1507 1014 1549 a
1040 1505 1315 1549 l’encontre
1354 1503 1414 1548 de
1439 1503 1509 1547 lui

191 1593 246 1624 ce
271 1589 474 1638 present
501 1579 828 1624 ELUCIDAIRE.
860 1578 1152 1638 Lesquelles
1187 1577 1382 1635 choses,
1412 1578 1438 1621 a
1465 1576 1509 1621 le

191 1651 307 1697 bien
324 1653 556 1712 prandre,
579 1663 666 1698 ont
688 1653 789 1698 este
810 1663 1186 1699 couvertement
1203 1651 1374 1696 faictes
1394 1665 1512 1695 con-

190 1735 263 1771 tre
308 1736 446 1772 votre
482 1726 671 1786 royalle
713 1726 948 1786 Majeste'3
993 1736 1040 1772 et
1077 1740 1179 1770 non
1215 1724 1510 1769 seullement

191 1810 365 1845 contre
390 1814 530 1856 vous,
550 1798 673 1844 mais
700 1799 837 1844 aussi
864 1809 1037 1845 contre
1065 1798 1297 1843 l'onneur
1314 1798 1374 1843 de
1395 1808 1509 1843 tous

192 1887 283 1918 voz
313 1873 698 1931 predecesseurs
743 1887 856 1933 roys
891 1874 992 1918 tres
1019 1871 1275 1928 crestiens,
1310 1870 1395 1930 qui
1423 1880 1511 1915 ont

192 1946 363 2005 aymee
398 1956 445 1990 et
479 1960 569 1991 eue
605 1945 771 1991 cherie
814 1956 862 1991 et
904 1945 1199 1992 affectionee
1227 1945 1340 2004 plus
1375 1954 1508 1989 ceste

192 2019 388 2065 science
408 2020 467 2064 de
488 2019 756 2079 astrologie
778 2034 874 2080 que
893 2020 1029 2065 nulle
1057 2020 1143 2065 des
1161 2029 1325 2064 autres
1346 2017 1508 2062 scien-

193 2108 274 2138 ces
316 2092 585 2151 liberalles,
611 2103 659 2138 et
685 2093 769 2153 qui
810 2104 897 2139 ont
932 2108 992 2139 eu
1031 2107 1249 2152 avecque
1291 2091 1407 2136 eulx
1437 2091 1508 2136 les

191 2168 303 2227 plus
345 2181 518 2225 expers
564 2167 708 2226 clers‚
734 2178 840 2213 tant
881 2182 942 2213 en
982 2167 1134 2213 ladite
1175 2166 1370 2212 science
1413 2179 1508 2223 que

192 2251 376 2297 autres,
406 2240 552 2299 qu'ilz
581 2251 668 2286 ont
705 2255 820 2286 sceu
858 2241 984 2286 finer
1010 2256 1070 2286 en
1107 2241 1214 2285 leur
1256 2250 1433 2298 temps,
1462 2250 1509 2284 et

188 2313 300 2372 plus
339 2327 520 2358 encore
563 2314 623 2358 de
655 2314 888 2373 laquelle,
919 2315 1043 2372 Sire,
1073 2328 1263 2359 aucuns
1297 2311 1510 2357 d’iceulx

190 2399 277 2435 ont
324 2390 427 2434 este
478 2404 684 2447 scavans
729 2399 776 2434 et
824 2403 1018 2448 expers,
1067 2401 1261 2433 comme
1310 2386 1343 2431 il
1400 2399 1508 2430 sera
