<?xml version="1.0" encoding="UTF-8"?>
<!DOCTYPE html PUBLIC "-//W3C//DTD XHTML 1.0 Transitional//EN"
    "http://www.w3.org/TR/xhtml1/DTD/xhtml1-transitional.dtd">
<html xmlns="http://www.w3.org/1999/xhtml" xml:lang="en" lang="en">
 <head>
  <title>
</title>
<meta http-equiv="Content-Type" content="text/html;charset=utf-8" />
  <meta name='ocr-system' content='tesseract 3.04.00' />
  <meta name='ocr-capabilities' content='ocr_page ocr_carea ocr_par ocr_line ocrx_word'/>
</head>
<body>
  <div class='ocr_page' id='page_1' title='image "./picdelamirandole00dore_0142.png"; bbox 0 0 1906 2984; ppageno 0'>
   <div class='ocr_carea' id='block_1_1' title="bbox 896 275 1167 332">
    <p class='ocr_par' dir='ltr' id='par_1_1' title="bbox 896 275 1167 332">
     <span class='ocr_line' id='line_1_1' title="bbox 896 275 1167 332; baseline 0 -23"><span class='ocrx_word' id='word_1_1' title='bbox 896 275 1167 332; x_wconf 80' lang='lat'>-134-</span> 
     </span>
    </p>
   </div>
   <div class='ocr_carea' id='block_1_2' title="bbox 364 398 1693 1414">
    <p class='ocr_par' dir='ltr' id='par_1_2' title="bbox 364 398 1693 1414">
     <span class='ocr_line' id='line_1_2' title="bbox 369 398 1692 461; baseline 0.001 -15"><span class='ocrx_word' id='word_1_2' title='bbox 369 401 472 446; x_wconf 88' lang='lat' dir='ltr'>fato</span> <span class='ocrx_word' id='word_1_3' title='bbox 493 399 606 445; x_wconf 90' lang='lat' dir='ltr'>loco</span> <span class='ocrx_word' id='word_1_4' title='bbox 625 398 830 458; x_wconf 87' lang='lat' dir='ltr'>prefatis</span> <span class='ocrx_word' id='word_1_5' title='bbox 857 399 1076 445; x_wconf 89' lang='lat' dir='ltr'>dominis</span> <span class='ocrx_word' id='word_1_6' title='bbox 1106 400 1358 460; x_wconf 89' lang='lat' dir='ltr'>deputatis</span> <span class='ocrx_word' id='word_1_7' title='bbox 1385 415 1555 447; x_wconf 91' lang='lat' dir='ltr'>coram</span> <span class='ocrx_word' id='word_1_8' title='bbox 1579 415 1692 461; x_wconf 90' lang='lat' dir='ltr'>pre-</span> 
     </span>
     <span class='ocr_line' id='line_1_3' title="bbox 369 473 1693 533; baseline 0.001 -13"><span class='ocrx_word' id='word_1_9' title='bbox 369 474 504 520; x_wconf 91' lang='lat' dir='ltr'>dicto</span> <span class='ocrx_word' id='word_1_10' title='bbox 528 473 735 518; x_wconf 89' lang='lat' dir='ltr'>domino</span> <span class='ocrx_word' id='word_1_11' title='bbox 760 473 990 518; x_wconf 87' lang='lat' dir='ltr'>Johanne</span> <span class='ocrx_word' id='word_1_12' title='bbox 1018 473 1383 531; x_wconf 83' lang='lat' dir='ltr'>commissario,</span> <span class='ocrx_word' id='word_1_13' title='bbox 1405 474 1509 533; x_wconf 91' lang='lat' dir='ltr'>ipse</span> <span class='ocrx_word' id='word_1_14' title='bbox 1529 476 1693 521; x_wconf 92' lang='lat' dir='ltr'>domi-</span> 
     </span>
     <span class='ocr_line' id='line_1_4' title="bbox 366 548 1692 608; baseline 0.001 -14"><span class='ocrx_word' id='word_1_15' title='bbox 366 564 460 594; x_wconf 90' lang='lat' dir='ltr'>nus</span> <span class='ocrx_word' id='word_1_16' title='bbox 477 548 852 593; x_wconf 87' lang='lat' dir='ltr'>commissarius</span> <span class='ocrx_word' id='word_1_17' title='bbox 873 548 1042 594; x_wconf 91' lang='lat' dir='ltr'>retulit</span> <span class='ocrx_word' id='word_1_18' title='bbox 1061 548 1157 594; x_wconf 87' lang='lat' dir='ltr'>sibi</span> <span class='ocrx_word' id='word_1_19' title='bbox 1178 548 1331 593; x_wconf 86' lang='lat' dir='ltr'>fuisse</span> <span class='ocrx_word' id='word_1_20' title='bbox 1349 560 1692 608; x_wconf 80' lang='lat' dir='ltr'>presentatum</span> 
     </span>
     <span class='ocr_line' id='line_1_5' title="bbox 366 622 1690 683; baseline 0.001 -15"><span class='ocrx_word' id='word_1_21' title='bbox 366 623 543 668; x_wconf 89' lang='lat' dir='ltr'>folium</span> <span class='ocrx_word' id='word_1_22' title='bbox 564 622 847 683; x_wconf 86' lang='lat' dir='ltr'>predictum</span> <span class='ocrx_word' id='word_1_23' title='bbox 872 638 986 668; x_wconf 91' lang='lat' dir='ltr'>cum</span> <span class='ocrx_word' id='word_1_24' title='bbox 1005 622 1422 682; x_wconf 86' lang='lat' dir='ltr'>responsionibus</span> <span class='ocrx_word' id='word_1_25' title='bbox 1450 634 1496 668; x_wconf 92' lang='lat' dir='ltr'>et</span> <span class='ocrx_word' id='word_1_26' title='bbox 1523 624 1690 669; x_wconf 91' lang='lat' dir='ltr'>decla-</span> 
     </span>
     <span class='ocr_line' id='line_1_6' title="bbox 368 696 1690 757; baseline 0.001 -15"><span class='ocrx_word' id='word_1_27' title='bbox 368 697 657 743; x_wconf 90' lang='lat' dir='ltr'>racionibus</span> <span class='ocrx_word' id='word_1_28' title='bbox 698 697 922 757; x_wconf 87' lang='lat' dir='ltr'>ejusdem</span> <span class='ocrx_word' id='word_1_29' title='bbox 960 697 1152 743; x_wconf 93' lang='lat' dir='ltr'>domini</span> <span class='ocrx_word' id='word_1_30' title='bbox 1197 696 1442 743; x_wconf 90' lang='lat' dir='ltr'>Johannis</span> <span class='ocrx_word' id='word_1_31' title='bbox 1492 698 1690 744; x_wconf 88' lang='lat' dir='ltr'>comitis</span> 
     </span>
     <span class='ocr_line' id='line_1_7' title="bbox 366 771 1687 832; baseline 0.001 -15"><span class='ocrx_word' id='word_1_32' title='bbox 366 786 515 831; x_wconf 91' lang='lat' dir='ltr'>super</span> <span class='ocrx_word' id='word_1_33' title='bbox 548 772 694 817; x_wconf 90' lang='lat' dir='ltr'>dictis</span> <span class='ocrx_word' id='word_1_34' title='bbox 722 787 808 818; x_wconf 81' lang='lat' dir='ltr'>sex</span> <span class='ocrx_word' id='word_1_35' title='bbox 840 771 1274 830; x_wconf 81' lang='lat' dir='ltr'>conclusionibus,</span> <span class='ocrx_word' id='word_1_36' title='bbox 1305 787 1454 817; x_wconf 90' lang='lat' dir='ltr'>manu</span> <span class='ocrx_word' id='word_1_37' title='bbox 1481 772 1687 832; x_wconf 90' lang='lat' dir='ltr'>propria</span> 
     </span>
     <span class='ocr_line' id='line_1_8' title="bbox 368 846 1689 906; baseline 0.001 -15"><span class='ocrx_word' id='word_1_38' title='bbox 368 848 437 905; x_wconf 91' lang='lat' dir='ltr'>(ut</span> <span class='ocrx_word' id='word_1_39' title='bbox 462 846 696 905; x_wconf 87' lang='lat' dir='ltr'>creditur)</span> <span class='ocrx_word' id='word_1_40' title='bbox 723 846 936 906; x_wconf 86' lang='lat' dir='ltr'>scriptis.</span> <span class='ocrx_word' id='word_1_41' title='bbox 962 846 1157 903; x_wconf 83' lang='lat' dir='ltr'>Quibus</span> <span class='ocrx_word' id='word_1_42' title='bbox 1181 846 1369 892; x_wconf 92' lang='lat' dir='ltr'>ibidem</span> <span class='ocrx_word' id='word_1_43' title='bbox 1397 861 1567 891; x_wconf 89' lang='lat' dir='ltr'>coram</span> <span class='ocrx_word' id='word_1_44' title='bbox 1592 847 1689 892; x_wconf 90' lang='lat' dir='ltr'>eis-</span> 
     </span>
     <span class='ocr_line' id='line_1_9' title="bbox 365 920 1691 980; baseline 0 -14"><span class='ocrx_word' id='word_1_45' title='bbox 365 921 479 966; x_wconf 89' lang='lat' dir='ltr'>dem</span> <span class='ocrx_word' id='word_1_46' title='bbox 516 920 731 966; x_wconf 93' lang='lat' dir='ltr'>dominis</span> <span class='ocrx_word' id='word_1_47' title='bbox 764 921 1111 966; x_wconf 84' lang='lat' dir='ltr'>commissario</span> <span class='ocrx_word' id='word_1_48' title='bbox 1145 930 1192 967; x_wconf 95' lang='lat' dir='ltr'>et</span> <span class='ocrx_word' id='word_1_49' title='bbox 1218 920 1468 980; x_wconf 85' lang='lat' dir='ltr'>deputatis</span> <span class='ocrx_word' id='word_1_50' title='bbox 1512 920 1613 965; x_wconf 91' lang='lat' dir='ltr'>alta</span> <span class='ocrx_word' id='word_1_51' title='bbox 1643 931 1691 966; x_wconf 94' lang='lat' dir='ltr'>et</span> 
     </span>
     <span class='ocr_line' id='line_1_10' title="bbox 364 994 1689 1055; baseline 0 -15"><span class='ocrx_word' id='word_1_52' title='bbox 364 994 670 1055; x_wconf 85' lang='lat' dir='ltr'>intelligibili</span> <span class='ocrx_word' id='word_1_53' title='bbox 706 1009 829 1041; x_wconf 88' lang='lat' dir='ltr'>voce</span> <span class='ocrx_word' id='word_1_54' title='bbox 867 995 1027 1053; x_wconf 88' lang='lat' dir='ltr'>lectis,</span> <span class='ocrx_word' id='word_1_55' title='bbox 1049 1010 1109 1040; x_wconf 83' lang='lat' dir='ltr'>ex</span> <span class='ocrx_word' id='word_1_56' title='bbox 1145 994 1402 1041; x_wconf 90' lang='lat' dir='ltr'>communi</span> <span class='ocrx_word' id='word_1_57' title='bbox 1442 994 1689 1040; x_wconf 89' lang='lat' dir='ltr'>delibera-</span> 
     </span>
     <span class='ocr_line' id='line_1_11' title="bbox 365 1069 1688 1129; baseline 0 -15"><span class='ocrx_word' id='word_1_58' title='bbox 365 1069 503 1115; x_wconf 87' lang='lat' dir='ltr'>tione</span> <span class='ocrx_word' id='word_1_59' title='bbox 541 1069 767 1114; x_wconf 90' lang='lat' dir='ltr'>omnium</span> <span class='ocrx_word' id='word_1_60' title='bbox 805 1070 1149 1129; x_wconf 88' lang='lat' dir='ltr'>predictorum</span> <span class='ocrx_word' id='word_1_61' title='bbox 1187 1069 1508 1115; x_wconf 89' lang='lat' dir='ltr'>dominorum</span> <span class='ocrx_word' id='word_1_62' title='bbox 1552 1084 1688 1115; x_wconf 88' lang='lat' dir='ltr'>corn-</span> 
     </span>
     <span class='ocr_line' id='line_1_12' title="bbox 364 1143 1687 1204; baseline -0.001 -15"><span class='ocrx_word' id='word_1_63' title='bbox 364 1143 581 1189; x_wconf 90' lang='lat' dir='ltr'>missarii</span> <span class='ocrx_word' id='word_1_64' title='bbox 607 1155 655 1189; x_wconf 91' lang='lat' dir='ltr'>et</span> <span class='ocrx_word' id='word_1_65' title='bbox 681 1145 1034 1204; x_wconf 83' lang='lat' dir='ltr'>deputatorum</span> <span class='ocrx_word' id='word_1_66' title='bbox 1054 1144 1290 1190; x_wconf 83' lang='lat' dir='ltr'>dixerunt</span> <span class='ocrx_word' id='word_1_67' title='bbox 1317 1155 1363 1190; x_wconf 90' lang='lat' dir='ltr'>et</span> <span class='ocrx_word' id='word_1_68' title='bbox 1382 1143 1687 1190; x_wconf 89' lang='lat' dir='ltr'>determina-</span> 
     </span>
     <span class='ocr_line' id='line_1_13' title="bbox 364 1217 1686 1279; baseline -0.001 -15"><span class='ocrx_word' id='word_1_69' title='bbox 364 1228 544 1264; x_wconf 88' lang='lat' dir='ltr'>verunt</span> <span class='ocrx_word' id='word_1_70' title='bbox 562 1217 1060 1279; x_wconf 82' lang='lat' dir='ltr'>formaliter,singula</span> <span class='ocrx_word' id='word_1_71' title='bbox 1077 1218 1286 1279; x_wconf 82' lang='lat' dir='ltr'>singulis</span> <span class='ocrx_word' id='word_1_72' title='bbox 1307 1219 1686 1279; x_wconf 87' lang='lat' dir='ltr'>respondentes,</span> 
     </span>
     <span class='ocr_line' id='line_1_14' title="bbox 364 1292 1687 1355; baseline 0.001 -18"><span class='ocrx_word' id='word_1_73' title='bbox 364 1303 515 1352; x_wconf 92' lang='lat' dir='ltr'>prout</span> <span class='ocrx_word' id='word_1_74' title='bbox 551 1293 680 1339; x_wconf 87' lang='lat' dir='ltr'>infra</span> <span class='ocrx_word' id='word_1_75' title='bbox 728 1294 970 1353; x_wconf 88' lang='lat' dir='ltr'>sequitur.</span> <span class='ocrx_word' id='word_1_76' title='bbox 1012 1295 1074 1340; x_wconf 90' lang='lat' dir='ltr'>Et</span> <span class='ocrx_word' id='word_1_77' title='bbox 1119 1293 1282 1355; x_wconf 90' lang='lat' dir='ltr'>primo</span> <span class='ocrx_word' id='word_1_78' title='bbox 1332 1308 1482 1353; x_wconf 92' lang='lat' dir='ltr'>super</span> <span class='ocrx_word' id='word_1_79' title='bbox 1526 1292 1687 1353; x_wconf 89' lang='lat' dir='ltr'>prima</span> 
     </span>
     <span class='ocr_line' id='line_1_15' title="bbox 365 1367 728 1414; baseline 0.006 -2"><span class='ocrx_word' id='word_1_80' title='bbox 365 1367 690 1414; x_wconf 89' lang='lat' dir='ltr'>conclusione</span> <span class='ocrx_word' id='word_1_81' title='bbox 719 1383 728 1414; x_wconf 91' lang='lat'>:</span> 
     </span>
    </p>
   </div>
   <div class='ocr_carea' id='block_1_3' title="bbox 439 1485 1625 1532">
    <p class='ocr_par' dir='ltr' id='par_1_3' title="bbox 439 1485 1625 1532">
     <span class='ocr_line' id='line_1_16' title="bbox 439 1485 1625 1532; baseline 0.001 -3"><span class='ocrx_word' id='word_1_82' title='bbox 439 1485 760 1530; x_wconf 81' lang='lat' dir='ltr'>DECLARACIO</span> <span class='ocrx_word' id='word_1_83' title='bbox 791 1500 944 1531; x_wconf 84' lang='lat' dir='ltr'>PRIME</span> <span class='ocrx_word' id='word_1_84' title='bbox 976 1499 1330 1532; x_wconf 91' lang='lat' dir='ltr'>CONCLUSIONIS</span> <span class='ocrx_word' id='word_1_85' title='bbox 1362 1499 1625 1531; x_wconf 86' lang='lat' dir='ltr'><strong>PREDICTE.</strong></span> 
     </span>
    </p>
   </div>
   <div class='ocr_carea' id='block_1_4' title="bbox 361 1589 1686 2156">
    <p class='ocr_par' dir='ltr' id='par_1_4' title="bbox 425 1589 1682 1650">
     <span class='ocr_line' id='line_1_17' title="bbox 425 1589 1682 1650; baseline 0.001 -16"><span class='ocrx_word' id='word_1_86' title='bbox 425 1589 525 1646; x_wconf 86' lang='lat' dir='ltr'>Qui</span> <span class='ocrx_word' id='word_1_87' title='bbox 543 1589 734 1635; x_wconf 83' lang='lat' dir='ltr'>dixerit</span> <span class='ocrx_word' id='word_1_88' title='bbox 765 1589 1006 1649; x_wconf 79' lang='lat' dir='ltr'>accidens,</span> <span class='ocrx_word' id='word_1_89' title='bbox 1025 1601 1139 1650; x_wconf 88' lang='lat' dir='ltr'>etc.,</span> <span class='ocrx_word' id='word_1_90' title='bbox 1167 1591 1400 1648; x_wconf 82' lang='lat' dir='ltr'>existere,</span> <span class='ocrx_word' id='word_1_91' title='bbox 1435 1600 1491 1635; x_wconf 92' lang='lat' dir='ltr'>ut</span> <span class='ocrx_word' id='word_1_92' title='bbox 1516 1603 1682 1650; x_wconf 86' lang='lat' dir='ltr'>supra.</span> 
     </span>
    </p>

    <p class='ocr_par' dir='ltr' id='par_1_5' title="bbox 361 1665 1686 2156">
     <span class='ocr_line' id='line_1_18' title="bbox 424 1665 1685 1724; baseline 0 -15"><span class='ocrx_word' id='word_1_93' title='bbox 424 1665 707 1724; x_wconf 89' lang='lat' dir='ltr'>Responsio</span> <span class='ocrx_word' id='word_1_94' title='bbox 746 1666 938 1711; x_wconf 91' lang='lat' dir='ltr'>domini</span> <span class='ocrx_word' id='word_1_95' title='bbox 979 1666 1224 1712; x_wconf 89' lang='lat' dir='ltr'>Johannis</span> <span class='ocrx_word' id='word_1_96' title='bbox 1261 1665 1495 1711; x_wconf 87' lang='lat' dir='ltr'>comitis:</span> <span class='ocrx_word' id='word_1_97' title='bbox 1531 1683 1551 1708; x_wconf 90' lang='lat'>«</span> <span class='ocrx_word' id='word_1_98' title='bbox 1585 1666 1685 1709; x_wconf 89' lang='lat' dir='ltr'>Po-</span> 
     </span>
     <span class='ocr_line' id='line_1_19' title="bbox 362 1737 1686 1800; baseline 0 -17"><span class='ocrx_word' id='word_1_99' title='bbox 362 1748 461 1784; x_wconf 90' lang='lat' dir='ltr'>test</span> <span class='ocrx_word' id='word_1_100' title='bbox 512 1738 694 1799; x_wconf 88' lang='lat' dir='ltr'>aliquis</span> <span class='ocrx_word' id='word_1_101' title='bbox 738 1750 909 1786; x_wconf 90' lang='lat' dir='ltr'>tenere</span> <span class='ocrx_word' id='word_1_102' title='bbox 952 1741 1089 1800; x_wconf 93' lang='lat' dir='ltr'>quod</span> <span class='ocrx_word' id='word_1_103' title='bbox 1149 1739 1420 1786; x_wconf 87' lang='lat' dir='ltr'>existencia</span> <span class='ocrx_word' id='word_1_104' title='bbox 1461 1753 1550 1800; x_wconf 89' lang='lat' dir='ltr'>per</span> <span class='ocrx_word' id='word_1_105' title='bbox 1593 1737 1686 1784; x_wconf 91' lang='lat' dir='ltr'>Dei</span> 
     </span>
     <span class='ocr_line' id='line_1_20' title="bbox 362 1813 1683 1874; baseline 0 -16"><span class='ocrx_word' id='word_1_106' title='bbox 362 1813 649 1872; x_wconf 89' lang='lat' dir='ltr'>potenciam</span> <span class='ocrx_word' id='word_1_107' title='bbox 670 1825 931 1874; x_wconf 88' lang='lat' dir='ltr'>separatur</span> <span class='ocrx_word' id='word_1_108' title='bbox 950 1816 1011 1860; x_wconf 89' lang='lat' dir='ltr'>ab</span> <span class='ocrx_word' id='word_1_109' title='bbox 1031 1814 1257 1861; x_wconf 89' lang='lat' dir='ltr'>essencia</span> <span class='ocrx_word' id='word_1_110' title='bbox 1276 1825 1325 1860; x_wconf 92' lang='lat' dir='ltr'>et</span> <span class='ocrx_word' id='word_1_111' title='bbox 1343 1814 1438 1860; x_wconf 90' lang='lat' dir='ltr'>hoc</span> <span class='ocrx_word' id='word_1_112' title='bbox 1463 1813 1683 1860; x_wconf 90' lang='lat' dir='ltr'>tenendo</span> 
     </span>
     <span class='ocr_line' id='line_1_21' title="bbox 362 1887 1684 1949; baseline -0.001 -17"><span class='ocrx_word' id='word_1_113' title='bbox 362 1898 528 1946; x_wconf 89' lang='lat' dir='ltr'>potest</span> <span class='ocrx_word' id='word_1_114' title='bbox 558 1887 724 1934; x_wconf 90' lang='lat' dir='ltr'>dicere</span> <span class='ocrx_word' id='word_1_115' title='bbox 760 1889 913 1949; x_wconf 90' lang='lat' dir='ltr'>quod,</span> <span class='ocrx_word' id='word_1_116' title='bbox 940 1889 1070 1936; x_wconf 90' lang='lat' dir='ltr'>facta</span> <span class='ocrx_word' id='word_1_117' title='bbox 1102 1887 1684 1936; x_wconf 88' lang='lat' dir='ltr'>transsubstanciacione</span> 
     </span>
     <span class='ocr_line' id='line_1_22' title="bbox 361 1962 1684 2024; baseline 0 -18"><span class='ocrx_word' id='word_1_118' title='bbox 361 1962 650 2008; x_wconf 89' lang='lat' dir='ltr'>substancie</span> <span class='ocrx_word' id='word_1_119' title='bbox 686 1963 830 2022; x_wconf 90' lang='lat' dir='ltr'>panis</span> <span class='ocrx_word' id='word_1_120' title='bbox 873 1963 924 2009; x_wconf 92' lang='lat' dir='ltr'>in</span> <span class='ocrx_word' id='word_1_121' title='bbox 967 1978 1151 2024; x_wconf 89' lang='lat' dir='ltr'>corpus</span> <span class='ocrx_word' id='word_1_122' title='bbox 1199 1962 1414 2020; x_wconf 87' lang='lat' dir='ltr'>Christi,</span> <span class='ocrx_word' id='word_1_123' title='bbox 1463 1971 1684 2007; x_wconf 89' lang='lat' dir='ltr'>remanet</span> 
     </span>
     <span class='ocr_line' id='line_1_23' title="bbox 363 2034 1683 2098; baseline 0 -18"><span class='ocrx_word' id='word_1_124' title='bbox 363 2035 637 2082; x_wconf 85' lang='lat' dir='ltr'>existencia</span> <span class='ocrx_word' id='word_1_125' title='bbox 668 2038 829 2097; x_wconf 90' lang='lat' dir='ltr'>panis,</span> <span class='ocrx_word' id='word_1_126' title='bbox 866 2052 962 2098; x_wconf 89' lang='lat' dir='ltr'>que</span> <span class='ocrx_word' id='word_1_127' title='bbox 988 2037 1167 2084; x_wconf 90' lang='lat' dir='ltr'>fundat</span> <span class='ocrx_word' id='word_1_128' title='bbox 1202 2036 1527 2084; x_wconf 84' lang='lat' dir='ltr'>existenciam</span> <span class='ocrx_word' id='word_1_129' title='bbox 1553 2034 1683 2082; x_wconf 87' lang='lat' dir='ltr'>acci-</span> 
     </span>
     <span class='ocr_line' id='line_1_24' title="bbox 363 2109 649 2156; baseline -0.007 -1"><span class='ocrx_word' id='word_1_130' title='bbox 363 2109 606 2156; x_wconf 87' lang='lat' dir='ltr'>dentium.</span> <span class='ocrx_word' id='word_1_131' title='bbox 629 2128 649 2154; x_wconf 88' lang='lat'>»</span> 
     </span>
    </p>
   </div>
   <div class='ocr_carea' id='block_1_5' title="bbox 411 2229 1631 2353">
    <p class='ocr_par' dir='ltr' id='par_1_6' title="bbox 411 2229 1631 2353">
     <span class='ocr_line' id='line_1_25' title="bbox 411 2229 1631 2278; baseline 0 -4"><span class='ocrx_word' id='word_1_132' title='bbox 411 2229 685 2276; x_wconf 85' lang='lat' dir='ltr'>RESPONSIO</span> <span class='ocrx_word' id='word_1_133' title='bbox 712 2246 1018 2278; x_wconf 89' lang='lat' dir='ltr'><strong>DOMINORUM</strong></span> <span class='ocrx_word' id='word_1_134' title='bbox 1053 2244 1429 2278; x_wconf 88' lang='lat' dir='ltr'>DEPUTATORUM</span> <span class='ocrx_word' id='word_1_135' title='bbox 1454 2243 1631 2275; x_wconf 88' lang='lat' dir='ltr'>EISDEM</span> 
     </span>
     <span class='ocr_line' id='line_1_26' title="bbox 620 2320 1443 2353; baseline -0.001 -2"><span class='ocrx_word' id='word_1_136' title='bbox 620 2321 948 2353; x_wconf 89' lang='lat' dir='ltr'><strong>CONCLUSIONI</strong></span> <span class='ocrx_word' id='word_1_137' title='bbox 975 2323 1037 2352; x_wconf 91' lang='lat' dir='ltr'>ET</span> <span class='ocrx_word' id='word_1_138' title='bbox 1062 2320 1443 2353; x_wconf 83' lang='lat' dir='ltr'><strong>DECLARATIONI.</strong></span> 
     </span>
    </p>
   </div>
   <div class='ocr_carea' id='block_1_6' title="bbox 422 2404 1679 2471">
    <p class='ocr_par' dir='ltr' id='par_1_7' title="bbox 422 2404 1679 2471">
     <span class='ocr_line' id='line_1_27' title="bbox 422 2404 1679 2471; baseline -0.001 -20"><span class='ocrx_word' id='word_1_139' title='bbox 422 2405 617 2461; x_wconf 91' lang='lat' dir='ltr'>Quibus</span> <span class='ocrx_word' id='word_1_140' title='bbox 665 2410 985 2456; x_wconf 89' lang='lat' dir='ltr'>conclusioni</span> <span class='ocrx_word' id='word_1_141' title='bbox 1038 2422 1085 2458; x_wconf 94' lang='lat' dir='ltr'>et</span> <span class='ocrx_word' id='word_1_142' title='bbox 1128 2408 1445 2471; x_wconf 89' lang='lat' dir='ltr'>responsioni</span> <span class='ocrx_word' id='word_1_143' title='bbox 1501 2404 1679 2467; x_wconf 88' lang='lat' dir='ltr'>prefati</span> 
     </span>
    </p>
   </div>
  </div>
 </body>
</html>
