1906 2984
232 409 384 455 modo
418 407 568 465 longo
602 413 851 461 tempore,
891 395 970 442 cui
1008 392 1236 439 dedimus
1267 401 1546 447 congruum

232 494 529 542 responsum
545 488 606 531 et,
631 471 1011 534 superveniente
1032 468 1247 512 Domino
1270 462 1544 516 Meldense,

232 559 337 619 ipse
387 551 633 600 discessit.
688 550 818 594 Cum
866 543 1082 590 Domino
1134 538 1409 592 Meldense,
1467 532 1547 579 cui

238 634 385 677 breve
442 639 489 674 et
526 626 716 671 litteras
774 616 1190 681 presentavimuS,
1242 613 1303 657 de
1352 610 1446 654 hac
1497 620 1548 651 re

237 703 433 764 loquuti
477 714 646 746 sumus
705 691 1095 742 accuratissime.
1123 689 1233 747 Ipse
1281 682 1465 729 obtulit
1498 694 1550 725 se

238 775 669 840 promptissimum
689 785 779 830 pro
802 768 928 814 Sede
942 762 1219 824 apostolica
1237 776 1248 818 3
1268 768 1549 818 propterea,

175 898 178 900 .
242 856 388 898 Pater
414 858 600 903 sancte,
629 858 731 889 non
758 852 832 887 est
860 836 1132 884 irritandus
1160 848 1273 878 cum
1298 830 1385 875 illo
1414 826 1551 874 brevi

240 923 489 979 citatorio,
539 934 652 965 cum
694 913 958 976 presertim
994 912 1093 970 jam
1127 905 1372 952 Dominus
1412 900 1553 947 Pari-

241 998 418 1045 siensis
438 993 609 1041 fecerit
628 991 707 1037 via
726 987 842 1034 facti
863 983 1056 1031 abscidi
1080 981 1124 1027 ei
1145 979 1354 1026 caudam
1374 989 1553 1035 cappe;

241 1085 287 1120 et
313 1072 382 1117 sic
409 1081 482 1115 est
506 1065 712 1113 materia
736 1061 929 1122 privata
950 1058 1079 1104 inter
1105 1069 1209 1109 eos,
1239 1051 1356 1111 quia
1381 1062 1556 1094 omnes

240 1143 463 1204 magistri
495 1148 695 1201 portant
733 1148 915 1194 cappas
946 1127 1257 1190 magistrales
1292 1125 1354 1169 ad
1381 1121 1556 1168 simili-

241 1219 466 1267 tudinem
490 1211 837 1266 cardinalium,
863 1217 911 1253 et
944 1204 1061 1265 quia
1095 1214 1335 1260 tanquam
1362 1197 1557 1257 episco-

241 1309 333 1355 pus
359 1290 574 1337 faciebat
599 1285 694 1331 sibi
727 1280 918 1344 portari
945 1278 1171 1325 caudam.
1199 1274 1331 1320 Hinc
1358 1270 1557 1326 iniurie,

243 1368 324 1413 hic
367 1374 482 1411 sunt
518 1360 763 1407 factiones
803 1356 931 1401 sicut
963 1352 1106 1409 alibi3
1150 1360 1197 1395 et
1237 1356 1470 1407 querunt,
1507 1356 1561 1390 ut

244 1439 554 1488 confundant
591 1431 923 1487 adversarios,
952 1427 1102 1473 etiam
1139 1438 1225 1470 eos
1257 1422 1309 1467 in
1335 1423 1561 1465 Romana

245 1515 382 1562 curia
407 1523 659 1558 accusare.
690 1508 859 1552 Unum
888 1513 961 1548 est
998 1499 1135 1560 quod
1161 1498 1213 1542 in
1246 1495 1440 1541 actibus
1466 1494 1562 1538 Fa-

244 1587 443 1636 cultatis
462 1581 712 1642 theologie
729 1588 957 1638 respectu
973 1574 1189 1620 aliorum
1211 1569 1564 1629 magistrorum

247 1665 333 1710 illa
359 1660 543 1707 delatio
578 1669 732 1716 cappe
765 1653 815 1698 in
839 1651 1077 1711 episcopo
1105 1647 1166 1692 de
1196 1657 1406 1704 corpore
1433 1641 1565 1687 dicte

250 1733 522 1783 Facultatis
549 1745 651 1776 non
678 1738 782 1774 erat
808 1727 933 1771 adeo
968 1723 1222 1777 indecens,
1251 1717 1386 1777 quod
1412 1731 1564 1775 prop-

249 1824 323 1858 ter
353 1811 449 1854 hoc
486 1814 734 1852 mereatur
761 1798 904 1846 citari
942 1798 1004 1842 ad
1032 1798 1309 1841 Romanam
1350 1789 1565 1846 curiam3

251 1884 462 1931 maxime
505 1895 618 1925 cum
660 1876 722 1922 sit
763 1875 813 1920 in
853 1869 1100 1918 eiusmodi
1146 1866 1402 1912 Facultate
1448 1864 1567 1909 satis

252 1967 539 2017 reputatus,
575 1963 622 1997 et
664 1964 796 1995 nunc
834 1962 892 1993 eo
920 1945 1064 1991 nobis
1101 1956 1228 2002 opus
1269 1940 1330 1985 sit
1364 1949 1569 1999 propter

255 2028 680 2077 Mirandulanum.

315 2102 513 2147 «Venit
539 2100 601 2144 ad
625 2113 716 2143 nos
756 2095 863 2141 heri
899 2092 1144 2139 Dominus
1187 2085 1485 2134 Parisiensis
1524 2094 1570 2130 et

257 2177 440 2224 obtulit
481 2190 531 2220 se
558 2173 637 2219 die
673 2169 927 2217 dominico
955 2165 1244 2213 solemniter
1284 2160 1411 2205 infra
1450 2160 1569 2205 mis-

257 2267 424 2298 sarum
466 2246 709 2294 solemnia
752 2244 913 2290 facere
938 2238 1185 2301 publicari
1212 2237 1401 2283 bullam
1437 2236 1572 2281 dam-

259 2324 476 2372 nationis
504 2334 551 2368 et
579 2331 740 2368 totum
773 2330 1067 2379 processum
1092 2323 1319 2359 nostrum
1358 2311 1572 2369 desuper

259 2401 471 2456 factum3
506 2408 552 2443 et
595 2394 712 2455 quia
759 2392 809 2439 in
857 2390 1029 2438 libello
1078 2383 1573 2434 continenturetiam
