1906 2984
882 324 1150 366 „140-

420 512 524 570 Ego
550 510 803 556 Johannes
830 511 891 556 de
924 510 971 555 la
998 509 1301 567 Mirandum,
1330 510 1479 556 etiarn
1504 511 1678 557 videns

357 585 482 630 illud
534 585 671 643 quod
719 584 1064 630 sanctissimus
1114 583 1359 629 Dominus
1415 595 1584 631 noster
1632 596 1680 630 et

357 658 549 704 domini
577 659 799 718 deputati
826 673 914 718 per
944 673 1085 703 suam
1113 658 1438 705 Sanctitatem
1465 659 1524 704 de
1555 658 1678 703 meis

357 732 772 779 conclusionibus
807 732 1160 792 suprascriptis
1197 732 1418 778 sentiunt
1451 743 1498 778 et
1523 733 1681 778 deter-

357 807 567 865 minant,
601 806 760 852 fateor
800 806 1154 852 conclusiones
1196 820 1303 852 esse
1342 805 1467 851 tales
1509 806 1680 865 quales

357 897 465 928 esse
492 896 575 927 eas
602 881 936 927 determinant
963 896 1051 926 sua
1073 880 1320 927 Sanctitas
1346 891 1394 927 et
1419 879 1681 939 approbati

358 956 549 1015 judices
568 970 656 1015 per
681 970 808 1013 eam,
829 966 979 1015 atque
1003 955 1071 1001 ita
1091 954 1182 1000 rite
1202 965 1368 1012 tene0‚
1389 969 1478 1000 nec
1499 954 1681 1000 tenebo

357 1045 580 1090 unquam
627 1029 818 1089 aliquid
856 1044 1044 1088 earum,
1084 1029 1201 1089 quia
1237 1044 1326 1074 sua
1361 1028 1608 1074 Sanctitas
1636 1038 1683 1073 et

359 1104 551 1150 domini
596 1104 819 1164 deputati
869 1118 958 1163 per
1004 1119 1113 1150 eam
1159 1103 1384 1164 judicant
1425 1118 1526 1148 non
1575 1116 1682 1148 esse

356 1179 591 1238 tenenda,
619 1189 665 1224 et
699 1178 767 1224 ita
795 1178 921 1238 juro.

415 1402 563 1447 Anno
590 1416 617 1446 a
639 1401 894 1448 nativitate
914 1401 1116 1447 Domini
1141 1400 1680 1457 MCCCCLXXXVIJ,

357 1476 633 1522 indictione
646 1476 835 1535 quinta,
849 1476 930 1522 die
945 1491 1062 1522 vero
1075 1476 1245 1521 martis
1261 1474 1513 1521 tricesima
1524 1473 1684 1534 prima

359 1561 406 1596 et
439 1550 613 1596 ultima
646 1551 832 1596 mensis
869 1551 994 1610 julii,
1024 1550 1347 1610 pontificatus
1381 1547 1683 1595 sanctissimi

358 1624 409 1669 in
437 1625 637 1671 Christo
676 1625 831 1684 patris
869 1637 917 1671 et
958 1624 1149 1670 domini
1187 1623 1346 1669 nostri
1394 1622 1684 1669 Innocencii

360 1698 531 1744 divina
578 1699 904 1759 providencia
950 1713 1078 1759 pape
1128 1698 1291 1744 octavi
1336 1713 1468 1743 anno
1509 1697 1683 1754 tertio,

360 1787 451 1832 ego
478 1773 697 1818 Jacobus
726 1773 1046 1831 Quentinoti‚
1078 1773 1289 1819 clericus
1334 1772 1576 1817 Rauensis
1615 1771 1683 1832 (Ρ),

358 1847 596 1906 publicus
633 1847 908 1907 apostolica
939 1859 986 1893 et
1019 1846 1266 1907 imperiali
1305 1846 1686 1892 auctoritatibus

362 1936 560 1966 necnon
616 1922 742 1967 sacri
791 1922 977 1968 Palacii
1029 1921 1294 1982 apostolici
1343 1936 1399 1966 ac
1444 1921 1594 1966 Curie
1638 1932 1684 1966 et

360 1996 569 2041 Camere
593 1996 868 2056 apostolice
891 2012 1156 2042 causarum
1182 1995 1423 2053 notarius,
1453 1996 1512 2041 de
1543 2011 1683 2040 man-

360 2069 477 2115 dato
505 2071 805 2116 venerabilis
843 2082 889 2117 et
915 2071 1265 2132 circumspecti
1300 2085 1356 2116 ac
1390 2070 1557 2116 eximii
1591 2070 1681 2115 viri

359 2144 552 2190 domini
577 2145 819 2191 Anthonii
843 2146 1073 2204 Grochis‚
1098 2147 1264 2207 legum
1291 2147 1528 2203 doctoris,
1551 2162 1683 2192 reve-

360 2218 500 2264 rendi
528 2218 578 2262 in
613 2219 812 2265 Christo
836 2220 989 2280 patris
1017 2232 1063 2267 et
1091 2221 1281 2266 domini
1325 2221 1459 2267 Petri
1508 2221 1568 2266 de
1593 2220 1680 2264 Vi-

360 2293 538 2349 centia,
578 2293 801 2354 episcopi
829 2295 1200 2354 Cesenatensis,
1235 2296 1366 2342 dicte
1406 2296 1543 2341 curie
1570 2309 1683 2341 cau-

361 2382 528 2412 sarum
565 2368 774 2414 Camere
822 2369 1096 2429 apostolice
1144 2370 1390 2431 generalis
1438 2369 1681 2416 auditoris

358 2442 527 2487 locum
544 2442 776 2503 tenentiS‚
798 2444 861 2490 ad
878 2443 1123 2492 illustrem
1143 2456 1190 2492 et
1205 2460 1506 2506 generosum
1520 2444 1681 2491 virum
