1906 2984
898 256 1159 286 —202—

430 386 449 410 «
478 367 572 413 Hic
601 368 779 413 subtus
807 367 971 413 iacent
993 366 1337 426 Leodegarius
1371 367 1437 412 du
1466 365 1691 412 Moussel

369 442 430 486 de
457 441 735 486 Normania
772 451 820 486 et
859 440 1113 486 Oliverius
1161 440 1439 501 Bourgeois
1476 442 1537 486 de
1582 439 1691 484 Bri-

367 515 539 560 tannia
603 515 822 573 oriundi,
885 514 1054 560 clerici
1110 514 1365 560 scholares
1435 517 1691 574 quondam

369 589 505 635 ducti
543 590 604 634 ad
652 589 904 635 iusticiam
947 589 1226 634 secularem
1274 589 1364 634 ubi
1405 589 1641 636 obierunt
1681 606 1690 635 :

369 663 605 709 Restituti
634 663 914 709 honorifice
938 674 984 709 et
1011 663 1091 709 hic
1119 663 1301 723 sepulti
1334 678 1466 708 anno
1503 664 1693 709 domini

373 738 507 794 1408.
547 737 625 782 die
666 739 719 783 16
751 736 937 782 mensis
981 737 1116 782 maii.
1156 736 1414 796 Respicias
1462 748 1691 783 nostrum

370 811 691 872 Epitaphium
715 822 770 857 ut
803 827 915 856 ores
941 826 1032 871 pro
1059 811 1206 857 nobis
1229 813 1405 857 Deum.
1435 829 1454 854 »

429 887 617 932 Contre
651 886 698 930 13
726 885 955 931 muraille
994 886 1114 932 etait
1137 900 1237 931 une
1263 886 1392 931 lame
1424 885 1485 931 de
1527 885 1694 931 cuivre

370 959 436 1005 οὺ
483 960 603 1005 etait
647 961 824 1021 gravee
865 978 884 1003 «
919 960 966 1004 la
1014 975 1163 1006 cause
1202 975 1334 1021 pour
1374 959 1590 1019 laquelle
1635 959 1694 1005 ils

369 1034 536 1080 furent
558 1034 790 1080 restitues
820 1050 867 1079 »t

432 1126 452 1151 «
489 1109 563 1169 Cy
611 1109 821 1154 dessous
863 1108 1025 1169 gisent
1063 1109 1221 1169 Leger
1274 1109 1341 1154 du
1383 1108 1607 1154 Moussel
1649 1117 1696 1154 et

372 1182 563 1228 Olivier
589 1182 867 1243 Bourgeois
894 1183 1021 1229 iadis
1043 1183 1212 1229 Clercs
1235 1182 1540 1240 Escholiers,
1560 1193 1695 1228 estu-

374 1256 540 1302 diants
578 1270 639 1301 en
677 1257 998 1303 l’Universite
1041 1258 1101 1302 de
1129 1257 1287 1312 Paris,
1319 1267 1555 1302 executez
1593 1259 1620 1302 a
1650 1257 1696 1302 la

373 1330 555 1376 Iustice
596 1331 662 1375 du
690 1332 799 1390 Roy
833 1341 1004 1376 nostre
1043 1331 1151 1377 Sire
1187 1346 1277 1391 par
1309 1330 1354 1375 16
1388 1331 1598 1377 Prevost
1635 1332 1695 1376 de

373 1405 514 1450 Paris
540 1405 637 1450 l’an
667 1420 799 1465 1407.
834 1405 879 1450 16
910 1406 968 1450 26
994 1405 1108 1450 iour
1133 1405 1406 1452 d'Octobre
1430 1421 1558 1466 pour
1588 1419 1697 1450 cer-

370 1478 501 1524 tains
535 1493 618 1524 cas
655 1481 681 1523 a
719 1494 814 1524 eux
845 1479 1082 1539 imposez.
1117 1480 1359 1539 Lesquels
1399 1482 1426 1525 a
1459 1480 1506 1524 la
1541 1493 1696 1538 pour-

373 1552 501 1598 suite
529 1553 588 1597 de
622 1552 946 1599 l'Universite'
975 1553 1141 1599 furent
1167 1553 1403 1600 restituez
1427 1564 1474 1599 et
1493 1567 1696 1598 amenez

373 1641 434 1671 au
460 1626 627 1686 paruis
649 1628 708 1672 de
737 1638 906 1673 nostre
928 1628 1083 1672 Darne
1104 1638 1152 1674 et
1177 1629 1364 1673 rendus
1385 1630 1411 1673 a
1430 1628 1698 1687 l’Evesque

373 1702 434 1747 de
463 1702 623 1758 Paris,
659 1716 854 1746 comme
881 1701 1070 1760 Clercs,
1095 1712 1143 1747 et
1169 1716 1231 1747 au
1260 1703 1493 1760 Recteur,
1521 1712 1568 1747 et
1603 1716 1699 1746 aux

373 1776 585 1835 deputez
609 1775 670 1820 de
696 1774 1016 1821 l'Universite‘
1043 1790 1238 1821 comme
1273 1791 1459 1837 suppos
1486 1775 1696 1833 d’icelle‚

374 1851 399 1895 a
424 1860 526 1895 tres
549 1849 736 1910 grande
774 1850 1054 1896 solemnite.
1080 1852 1142 1896 Et
1169 1851 1229 1896 de
1263 1851 1310 1895 la
1336 1865 1398 1895 en
1425 1864 1480 1896 66
1504 1849 1605 1895 lieu
1640 1865 1699 1910 cy

373 1923 539 1970 furent
561 1938 765 1969 amenez
792 1939 921 1984 pour
947 1935 1076 1970 estre
1102 1924 1195 1969 mis
1222 1939 1284 1969 en
1309 1924 1565 1983 sepulture
1600 1924 1697 1969 l'an

381 1998 515 2056 1408.
545 1998 590 2043 le
621 2014 691 2057 17.
728 1998 842 2043 iour
868 1999 929 2044 (16
953 1999 1085 2059 May.
1112 1999 1174 2044 Et
1194 1998 1358 2045 furent
1386 1998 1558 2044 lesdits
1577 1999 1698 2043 Pre-

374 2083 486 2118 vost
509 2083 556 2118 et
582 2087 674 2117 son
701 2072 1003 2119 Lieutenant
1037 2072 1223 2118 desmis
1255 2073 1315 2118 de
1340 2073 1474 2119 leurs
1509 2071 1695 2129 offices,

375 2148 402 2191 a
429 2146 582 2192 ladite
607 2146 869 2206 poursuite
900 2162 910 2192 :
947 2161 1142 2193 comme
1167 2147 1280 2208 plus
1305 2162 1332 2192 a
1361 2147 1497 2208 plein
1524 2157 1698 2207 appert

375 2235 465 2280 pat·
496 2221 667 2266 lettres
704 2232 933 2280 patentes
960 2231 1006 2266 et
1038 2221 1365 2267 instruments
1403 2237 1489 2267 sur
1514 2235 1569 2266 66
1596 2234 1694 2264 cas.

378 2295 521 2340 Priez
550 2294 676 2340 Dieu
705 2295 823 2354 qu'il
849 2296 958 2341 leur
983 2297 1244 2354 pardonne
1275 2297 1407 2341 leurs
1441 2295 1644 2356 pechez.
1676 2312 1694 2334 »

375 2370 503 2429 Voy.
535 2370 611 2413 Du
639 2369 806 2427 Breul,
830 2383 911 2428 pp.
937 2371 1169 2429 495-496.
