1906 2984
885 287 1156 331 —116—

363 410 783 456 benedictionem.
818 411 946 456 Cum
976 425 1036 457 ex
1067 411 1293 472 inJuncto
1325 412 1492 460 officio
1514 424 1685 475 pasto-

362 484 453 529 rali
499 484 655 530 totius
718 484 990 531 christiane
1039 486 1298 546 religionis
1356 502 1475 534 cura
1537 489 1684 535 nobis

361 559 638 616 incumbat,
681 559 766 604 illa
809 559 1055 620 imprimis
1105 571 1291 607 attente
1333 573 1381 608 et
1421 562 1686 622 diligenter

362 633 627 694 providere
679 634 936 691 debemus,
1000 650 1097 695 que
1152 637 1214 681 ad
1266 636 1383 681 fidei
1438 637 1684 683 catholice

365 708 808 754 conservacionem
845 720 893 755 et
925 709 1222 755 universalis
1259 710 1482 756 Ecclesie
1515 711 1684 757 firma-

365 792 589 828 mentum
628 783 878 842 pertinere
919 783 1198 830 videantur.
1244 785 1370 829 Cum
1404 784 1589 844 itaque,
1631 796 1686 831 ut

366 871 426 903 ex
479 857 754 903 multorum
810 858 1053 904 relatione
1110 858 1413 918 accepimus,
1472 860 1686 905 dilectus

366 931 498 977 filius
524 932 777 978 Johannes
806 932 973 991 Picus,
995 933 1281 979 Concordie
1309 949 1494 990 comes,
1523 934 1687 980 diver-

367 1020 446 1051 sas
487 1021 647 1067 nuper
698 1007 951 1053 variarum
998 1007 1354 1053 conclusiones
1391 1007 1688 1054 facultatum

366 1080 567 1140 publice
594 1082 923 1142 disputandas
951 1082 1254 1142 exposuerit,
1284 1098 1495 1142 quarum
1523 1083 1689 1143 alique

367 1160 548 1223 partim
585 1173 645 1204 ex
683 1157 730 1203 vi
757 1158 1028 1202 verborum
1055 1172 1081 1202 a
1119 1167 1256 1202 recto
1284 1157 1401 1203 fidei
1443 1159 1689 1204 ortodoxe

367 1235 566 1283 tramite
593 1231 793 1278 deviare
819 1231 977 1277 videri
1001 1242 1232 1291 possunt,
1263 1231 1444 1292 partim
1470 1247 1587 1278 vero
1621 1233 1690 1279 ita

369 1309 520 1356 dubie
578 1318 626 1354 et
688 1305 950 1366 ancipites,
998 1316 1226 1365 preterea
1274 1306 1417 1352 novis
1478 1306 1689 1353 insuetis

372 1382 634 1430 vocabulis
673 1380 896 1427 involute
933 1391 1048 1426 sunt
1089 1395 1146 1426 ac
1189 1380 1339 1427 etiam
1383 1381 1690 1427 obscuritate

370 1459 607 1514 obducte,
649 1467 706 1502 ut
744 1466 994 1516 oportuna
1030 1455 1369 1501 declaratione
1406 1455 1687 1516 indigeant3

370 1534 410 1579 si
439 1532 571 1579 enim
594 1530 791 1577 diucius
809 1529 1090 1574 indiscusse
1117 1529 1504 1588 dimitterentur,
1532 1530 1691 1576 vereri

371 1607 601 1653 similiter
645 1615 855 1665 possent
897 1603 1002 1663 (sic)
1042 1618 1103 1649 ne
1145 1604 1371 1650 fidelium
1413 1615 1604 1651 mentes
1645 1615 1692 1651 et

369 1682 449 1742 pie
507 1695 651 1726 aures
708 1678 983 1739 plurimum
1042 1678 1441 1737 offenderentur3
1503 1679 1691 1725 idcirco

370 1754 671 1802 fraternitati
697 1764 799 1810 tue,
825 1754 885 1799 de
908 1753 1050 1812 cujus
1079 1753 1320 1812 probitati
1347 1764 1496 1812 atque
1525 1754 1695 1800 indus-

370 1830 463 1876 trie
507 1829 609 1888 (sic)
660 1828 711 1873 in
750 1827 967 1873 Domino
1010 1827 1338 1885 confidimus,
1377 1828 1693 1888 presencium

371 1915 545 1950 tenore
584 1902 889 1949 comittimus
933 1913 1198 1962 quatenus,
1240 1902 1432 1948 vocatis
1474 1904 1606 1962 apud
1646 1914 1694 1948 te

371 1977 742 2024 venerabilibus
769 1976 1007 2022 fratribus
1035 1976 1285 2036 episcopis
1327 1988 1375 2023 et
1411 1976 1521 2022 aliis
1557 1992 1694 2022 sacre

371 2052 625 2112 theologie
651 2051 1022 2112 professoribus
1046 2052 1107 2096 ad
1130 2051 1180 2096 id
1199 2066 1226 2096 a
1249 2051 1394 2096 nobis
1413 2051 1695 2110 specialiter

373 2126 641 2186 deputatis,
692 2141 748 2171 ac
792 2126 949 2170 eciam
991 2125 1245 2171 antedicto
1284 2125 1512 2171 Johanne
1552 2126 1690 2184 Pico,

375 2200 658 2246 Concordie
715 2200 922 2257 comite,
975 2215 1088 2245 cum
1141 2199 1330 2245 eisdem
1386 2199 1691 2259 presidendo

375 2274 673 2321 auctoritate
697 2284 869 2320 nostra
892 2273 1095 2331 efficias,
1119 2285 1175 2320 ut
1200 2273 1552 2319 conclusiones
1584 2288 1693 2334 pre-

374 2349 504 2396 dicte
527 2349 877 2407 discutiantur,
896 2360 943 2394 et
968 2349 1019 2393 in
1039 2348 1133 2394 hiis
1161 2363 1256 2408 que
1276 2363 1335 2394 ex
1359 2347 1405 2394 vi
1425 2349 1694 2394 verborum

376 2439 404 2470 a
442 2424 540 2471 fide
582 2423 834 2471 catholica
873 2423 1136 2470 dissonare
1172 2433 1221 2470 et
1263 2422 1480 2469 heresim
1521 2437 1695 2483 sapere
