1906 2984
699 253 967 310 -143-

175 386 422 422 certarum
481 377 809 423 assertionum
864 377 1060 423 comitis
1114 387 1205 423 etc.
1260 377 1480 423 declara-

175 450 371 509 ciones‚
418 453 742 511 approbando
800 452 990 511 precise
1044 452 1153 496 illas
1209 452 1482 497 secundum

174 539 349 570 sensus
375 525 426 569 in
452 525 622 570 codice
651 525 1034 585 subscripsionis
1057 525 1243 585 positas
1270 541 1325 571 ac
1351 525 1482 570 desi-

173 613 345 661 gnatas
366 613 413 647 et
431 617 531 647 non
551 602 709 660 aliter,
726 613 780 647 ut
799 602 930 647 dicta
953 602 1313 662 suprascripsio
1336 602 1482 662 plene

175 676 413 734 continet,
445 692 536 736 pro
569 676 729 735 prima
767 677 872 735 ejus
904 688 1060 736 parte.
1088 677 1149 722 Et
1181 676 1230 721 in
1264 677 1482 722 secunda

170 762 307 810 parte
335 751 468 796 illius
495 750 899 810 subscripsionis,
924 751 1166 796 confiteor
1187 765 1263 795 me
1291 763 1482 796 contra-

171 825 354 870 dixisse
382 836 631 871 certorum
658 825 1008 884 magistrorum
1039 825 1480 884 condempnationi

171 898 460 957 magistrali,
498 909 551 944 ut
585 913 676 958 pro
714 899 868 957 gradu
908 898 1179 958 magistrali
1212 910 1332 958 puto
1359 899 1480 944 mihi

169 970 395 1030 licuisse3
417 982 464 1017 et
483 986 540 1017 ex
559 972 629 1017 eis
651 971 842 1031 precise
870 972 1132 1030 capitibus,
1151 971 1266 1031 quia
1285 972 1481 1017 dicebat

169 1056 216 1092 et
241 1047 492 1092 asserebat
518 1061 702 1104 comeS,
720 1061 832 1092 cum
854 1047 1133 1106 juramento
1157 1047 1481 1092 attestabatur

169 1134 343 1165 sensus
388 1120 855 1180 condempnationis
902 1135 990 1180 per
1033 1120 1296 1180 magistros
1340 1121 1479 1166 datos

167 1208 269 1239 non
293 1194 444 1240 fuisse
472 1209 606 1253 suos,
635 1205 682 1240 et
715 1194 851 1253 quod
892 1195 1058 1252 quoad
1090 1194 1186 1239 hoc
1227 1209 1329 1239 non
1366 1209 1478 1240 sen-

166 1267 256 1313 tiat
268 1267 359 1313 rite
379 1268 578 1313 auditus
599 1282 689 1313 nec
708 1267 1069 1325 intellectus,ut
1087 1268 1479 1328 eciampredicta

167 1341 472 1402 subscripsio
499 1342 801 1400 continet7et
824 1342 960 1402 quod
977 1341 1030 1387 in
1056 1356 1113 1387 ea
1135 1342 1474 1402 condempna-

167 1415 349 1462 bantur
403 1416 792 1476 propositiones,
852 1430 947 1475 que
994 1415 1215 1461 Parisius
1276 1415 1476 1475 publice

166 1489 496 1536 admittuntur
571 1489 896 1549 disputabiles
952 1499 1000 1536 et
1050 1488 1370 1536 defensibiles
1424 1501 1478 1536 ut

165 1562 322 1608 eciam
357 1563 581 1623 predicta
614 1563 920 1623 subscripsio
955 1562 1130 1624 tangit.
1161 1563 1478 1624 Quapropter

166 1636 237 1681 illi
262 1636 344 1695 pie
378 1637 603 1695 credens,
629 1638 865 1696 deceptus
887 1636 938 1682 in
958 1637 1055 1682 hiis
1082 1651 1177 1696 que
1204 1648 1318 1683 sunt
1342 1638 1474 1696 facti,

165 1709 216 1754 in
242 1710 424 1768 quibus
457 1710 614 1756 eciam
641 1710 852 1770 quilibet
881 1710 1300 1770 prudentissimus
1332 1710 1476 1757 facile

163 1782 327 1843 decipi
365 1793 547 1843 potest,
575 1783 646 1828 illi
682 1783 1121 1843 condempnationi
1156 1794 1211 1830 ut
1243 1783 1313 1829 sic
1348 1783 1475 1830 facte

164 1856 442 1902 contradixi
482 1868 737 1917 tamquam
778 1857 959 1917 injuste
987 1868 1034 1903 et
1066 1872 1167 1902 non
1213 1857 1303 1903 rite
1329 1857 1472 1915 facte,

163 1931 225 1976 ad
251 1931 482 1977 effectum
503 1930 693 1991 precise
722 1945 834 1976 eum
856 1942 909 1977 ut
936 1931 1104 1976 omnia
1129 1931 1294 1977 verius
1320 1943 1474 1978 matu-

162 2004 264 2050 rius
285 2015 331 2051 et
349 2004 548 2050 rectiori
567 2004 740 2050 ordine
761 2004 1234 2065 intelligentur(sic),
1247 2016 1301 2051 ut
1317 2005 1474 2050 eciam

161 2079 293 2125 dicta
320 2077 683 2138 suprascripsio
714 2078 948 2126 continet.
976 2079 1075 2124 Sed
1101 2078 1217 2138 quia
1239 2079 1323 2139 qui
1345 2080 1472 2126 male

162 2163 346 2210 narrat,
388 2152 516 2197 male
564 2152 879 2212 interpretat,
926 2164 975 2199 et
1013 2167 1180 2198 comes
1219 2152 1471 2212 predictos

162 2241 337 2272 sensus
386 2226 852 2287 condempnationis
893 2226 1077 2273 fatetur
1122 2226 1273 2272 fuisse
1322 2241 1469 2285 su0s3

160 2300 273 2346 ideo
302 2300 407 2346 sola
423 2301 628 2347 veritate
654 2312 818 2346 motus
845 2310 893 2346 et
916 2315 1018 2346 non
1043 2311 1263 2357 coactus,
1288 2299 1471 2359 simpli-

161 2374 282 2421 citer
321 2373 458 2420 illam
494 2372 999 2434 condempnationem
1039 2374 1283 2434 approbo,
1322 2384 1471 2433 prout
