1906 2984
915 331 1185 372 —124-v-

608 488 821 543 QUARTA
845 500 1120 532 CONCLthm
1148 500 1488 532 DECLARANDA.

449 609 469 634 «
499 592 616 636 Non
657 591 903 637 assentior
935 591 1190 637 communi
1223 591 1476 637 sentencie
1508 592 1705 638 theolo-

387 680 566 725 gorum
588 664 864 710 dicentium
889 680 1038 725 posse
1066 667 1227 711 Deum
1255 665 1530 724 quamlibet
1562 676 1708 711 natu-

388 753 494 783 ram
537 739 877 798 suppositare3
914 740 1002 786 sed
1040 739 1100 786 de
1127 738 1359 786 rationali
1393 750 1587 785 tantum
1612 739 1708 784 hoc

390 814 637 861 concedo,
675 832 694 856 »

450 888 730 947 Respondit
750 903 839 948 per
859 888 952 934 hec
971 888 1200 934 formalia
1218 889 1383 944 verba,
1411 888 1463 933 in
1481 887 1577 933 hoc
1596 901 1710 932 eum

391 962 533 1021 sequi
580 963 875 1022 opinionem
923 963 1148 1021 ejusdem
1187 962 1413 1021 Henrici,
1453 962 1537 1022 qui
1574 972 1711 1008 tenet

390 1037 488 1083 hoc
514 1053 617 1082 non
644 1052 770 1095 esse,
795 1037 912 1097 quia
939 1038 1073 1082 Deus
1101 1037 1196 1082 hoc
1216 1052 1318 1082 non
1338 1047 1510 1096 posset
1530 1036 1708 1093 facere,

392 1113 480 1157 sed
521 1111 638 1172 quia
679 1122 856 1157 natura
893 1110 1101 1157 inferior
1141 1122 1320 1157 natura
1359 1109 1578 1156 hominis
1607 1123 1710 1154 non

392 1197 467 1233 est
490 1185 886 1247 suppositabilis.

619 1306 818 1362 QUINTA
850 1319 1123 1352 coNCLusm
1147 1320 1487 1351 DECLARANDA.

456 1425 475 1450 «
504 1407 621 1452 Non
644 1417 717 1453 est
750 1408 801 1452 in
821 1419 1066 1467 potestate
1085 1408 1242 1454 libera
1267 1408 1486 1454 hominis
1508 1407 1711 1453 credere

396 1481 661 1527 articulum
681 1481 797 1527 fidei
817 1497 923 1528 esse
941 1498 1113 1528 verum
1131 1484 1334 1543 quando
1357 1483 1451 1528 sibi
1471 1482 1650 1542 placet,
1665 1492 1712 1527 et

396 1557 599 1602 credere
621 1556 788 1617 ipsum
814 1572 922 1603 esse
941 1558 1122 1603 falsum
1143 1559 1345 1618 quando
1370 1557 1465 1603 sibi
1486 1557 1666 1617 placet.
1689 1573 1709 1598 »

457 1629 602 1675 Circa
652 1630 800 1676 istam
850 1631 1232 1677 conclusionem
1288 1631 1422 1677 idem
1478 1630 1713 1676 dominus

395 1703 652 1749 Johannes
682 1704 753 1750 sic
787 1704 927 1763 dixit,
955 1724 974 1749 «
1003 1721 1110 1752 esse
1144 1717 1361 1752 mentem
1395 1721 1536 1751 suam
1559 1706 1713 1765 quod,

398 1777 513 1823 licet
539 1778 751 1838 quilibet
790 1791 930 1826 actus
957 1781 1194 1826 credendi
1234 1781 1428 1827 dicatur
1455 1795 1563 1827 esse
1599 1795 1714 1826 vere

399 1851 449 1896 in
469 1863 713 1911 potestate
741 1866 926 1911 nostra,
954 1866 1121 1900 tamen
1149 1871 1251 1901 non
1278 1868 1352 1902 est
1375 1871 1528 1916 penes
1553 1867 1716 1915 tyran-

401 1925 569 1971 nicum
599 1926 865 1985 imperium
894 1929 1183 1987 voluntatis,
1213 1931 1300 1975 sed
1338 1941 1500 1976 stante
1528 1929 1716 1990 judicio

400 1999 608 2045 rationis
635 2001 697 2045 ad
722 2002 1027 2062 oppositum,
1051 2003 1282 2050 voluntas
1310 2019 1412 2049 non
1439 2016 1605 2065 potest
1622 2004 1717 2050 hoc

401 2073 546 2119 velle.
570 2091 589 2116 »

641 2193 806 2239 SEXTA
831 2210 1105 2242 CONCLUsm
1141 2212 1481 2244 DECLARANDA.

465 2315 485 2340 «
530 2298 897 2346 Rationabilius
941 2313 1014 2348 est
1058 2304 1260 2349 credere
1302 2303 1571 2364 Origenem
1611 2319 1720 2350 esse

406 2371 601 2418 salvum
628 2389 779 2433 quam
805 2377 1008 2422 credere
1029 2377 1194 2436 ipsum
1220 2392 1328 2424 esse
1366 2379 1671 2424 damnatum.
1698 2396 1718 2420 »

467 2446 565 2492 Pro
592 2449 734 2508 cujus
761 2449 1105 2497 conclusionis
1134 2452 1482 2498 declaracione
1503 2451 1721 2512 prefatus
