1906 2984
897 283 1169 329 —168—

367 408 541 456 deduit
575 423 638 469 cy
671 410 815 467 apres
848 409 961 468 plus
993 409 1295 469 amplement
1325 409 1385 454 de
1413 409 1606 454 chacun
1633 423 1694 454 en

367 498 460 529 son
492 494 672 542 temps,
701 482 850 528 ordre
879 493 926 529 et
954 497 1093 542 aage,
1131 492 1178 528 et
1203 496 1294 541 par
1329 483 1544 543 especial
1570 483 1694 528 trois

365 568 574 617 portans
597 568 765 603 vostre
786 572 922 611 nom,
953 571 1146 602 comme
1168 571 1222 602 ce
1242 557 1521 615 vertueulx,
1542 556 1695 602 victo-

368 631 531 677 rieulx
586 642 634 676 et
689 631 918 691 glorieux
974 645 1236 690 empereur
1294 631 1694 691 Charlemaigne,

366 706 585 765 premier
607 705 897 752 instituteur
923 716 970 751 et
995 705 1263 751 fondateur
1289 706 1349 751 de
1375 704 1697 750 l'Universite'

368 782 429 827 de
480 781 638 826 Paris,
691 780 883 840 Lequel
933 780 1059 826 atira
1110 782 1137 825 a
1181 780 1266 840 luy
1311 780 1372 825 de
1420 779 1467 824 13
1502 779 1596 824 cite'
1637 779 1697 824 de

369 856 579 900 Romme
620 854 763 900 icelle
799 854 996 900 science
1037 869 1257 914 avecque
1298 853 1370 899 les
1412 864 1578 898 autres
1620 867 1698 897 ars

368 929 632 986 liberaulx,
679 929 764 988 qui
809 928 1053 988 illecques
1088 928 1223 974 avoit
1258 928 1361 974 este'
1400 928 1524 974 tiree
1559 929 1618 973 de
1652 927 1699 972 la

375 1003 469 1049 cite
527 1002 828 1060 d’Athenes‚
887 1013 934 1049 et
988 1002 1036 1047 la
1096 1002 1274 1048 voulut
1329 1013 1505 1048 mettre
1562 1000 1701 1047 audit

372 1077 539 1136 Paris3
569 1087 618 1122 et
656 1091 787 1137 pour
832 1087 959 1123 estre
999 1076 1246 1122 introduit
1282 1086 1331 1122 et
1369 1076 1603 1137 enseigne
1639 1090 1699 1122 en

370 1151 532 1210 icelle,
559 1151 642 1197 fist
667 1151 808 1197 venir
832 1166 935 1211 ung
967 1161 1111 1211 grant
1132 1150 1455 1211 philozophe,
1485 1150 1699 1196 astrolo-

371 1225 486 1286 gien
519 1236 567 1272 et
601 1236 802 1272 orateur
839 1229 1040 1270 nomme
1078 1225 1328 1271 Alkindus
1376 1225 1583 1284 (duquel
1618 1239 1699 1277 ces

372 1300 610 1360 ignorans
638 1301 1012 1360 condempnent
1037 1299 1109 1345 les
1143 1300 1329 1359 livres),
1367 1300 1452 1360 qui
1479 1301 1540 1346 de
1567 1311 1699 1346 ceste

374 1373 572 1420 science
600 1389 626 1420 3
653 1374 838 1434 escript
857 1385 903 1420 et
931 1375 1170 1434 compose
1195 1374 1449 1434 plusieurs
1476 1375 1625 1421 livres
1652 1385 1700 1420 et

371 1447 576 1495 traictez
611 1448 728 1494 bien
763 1448 963 1494 subtilz.
995 1449 1057 1495 Et
1082 1448 1127 1494 16
1169 1450 1270 1494 tres
1298 1464 1412 1509 sage
1441 1460 1489 1495 et
1513 1450 1701 1495 debon-

372 1524 511 1570 naire
540 1522 748 1568 Charles
794 1522 839 1568 16
885 1522 1045 1582 quint,
1075 1522 1244 1582 lequel
1285 1533 1393 1569 tant
1435 1522 1628 1569 estudia
1655 1531 1701 1567 et

374 1613 519 1660 ayma
545 1608 677 1643 ceste
704 1596 901 1642 science
935 1597 996 1642 de
1024 1596 1312 1657 astrologie‚
1341 1611 1403 1643 en
1429 1596 1700 1657 congnois—

374 1683 486 1719 sant
512 1683 560 1718 et
595 1682 782 1732 voyant
825 1670 1041 1717 l'utillite'
1069 1671 1283 1728 d’icelle‚
1310 1671 1463 1716 fonda
1491 1682 1538 1717 et
1563 1681 1703 1717 renta

375 1750 402 1793 3
427 1746 709 1808 perpetuite
750 1761 853 1806 ung
887 1745 1078 1807 college
1106 1756 1154 1792 et
1189 1745 1445 1792 estudians
1473 1760 1534 1791 en
1559 1745 1703 1791 icelle

375 1836 437 1868 en
463 1822 509 1866 la
538 1819 826 1866 Universite'
855 1820 915 1865 de
944 1819 1101 1877 PariS‚
1132 1819 1259 1865 ainsi
1301 1819 1420 1879 qu'il
1462 1834 1572 1865 sera
1608 1834 1702 1865 veu

375 1911 434 1956 cy
476 1896 620 1955 apres
664 1908 725 1939 en
767 1908 860 1939 son
905 1894 1071 1951 ordre,
1109 1904 1156 1940 et
1205 1894 1314 1939 leur
1354 1895 1526 1939 donna
1575 1894 1704 1940 belle

375 1969 577 2015 librarie
623 1968 740 2014 bien
788 1967 959 2028 garnie
1001 1968 1061 2014 de
1103 1968 1270 2025 livres,
1316 1970 1502 2029 speres,
1543 1979 1703 2014 astro-

375 2042 533 2101 labes‚
563 2043 749 2102 sophee
801 2054 848 2089 et
893 2053 1059 2088 autres
1087 2042 1395 2089 instrumens
1435 2057 1637 2088 servans
1678 2043 1704 2086 a

375 2117 557 2162 ladicte
591 2117 806 2174 science,
836 2117 921 2176 qui
958 2132 1165 2163 encores
1191 2133 1222 2178 y
1250 2128 1378 2176 sont,
1408 2127 1455 2162 et
1491 2131 1704 2162 mesme-

376 2202 513 2237 ment
541 2191 629 2236 des
663 2191 967 2237 semblables
1009 2202 1057 2237 et
1097 2192 1284 2252 pareilz
1326 2191 1474 2237 livres
1514 2205 1610 2251 que
1649 2205 1704 2235 ce

377 2266 664 2312 detracteur
689 2266 923 2326 ignorant
949 2281 976 2311 a
1011 2266 1165 2312 voulu
1208 2265 1521 2326 calumpnier
1554 2267 1580 2310 a
1606 2276 1707 2311 tort

378 2350 426 2386 et
444 2354 559 2385 sans
579 2354 746 2386 cause.
776 2340 1016 2400 Laquelle
1037 2340 1309 2386 fondacion
1328 2340 1403 2386 fut
1423 2339 1706 2385 confermee

380 2429 471 2475 par
498 2426 668 2462 nostre
695 2414 825 2461 saint
849 2416 967 2475 pere
1002 2415 1047 2461 le
1076 2416 1246 2476 Pappe
1278 2415 1381 2461 lors
1408 2424 1592 2474 estans,
1622 2413 1707 2474 qui
