<?xml version="1.0" encoding="UTF-8"?>
<!DOCTYPE html PUBLIC "-//W3C//DTD XHTML 1.0 Transitional//EN"
    "http://www.w3.org/TR/xhtml1/DTD/xhtml1-transitional.dtd">
<html xmlns="http://www.w3.org/1999/xhtml" xml:lang="en" lang="en">
 <head>
  <title>
</title>
<meta http-equiv="Content-Type" content="text/html;charset=utf-8" />
  <meta name='ocr-system' content='tesseract 3.04.00' />
  <meta name='ocr-capabilities' content='ocr_page ocr_carea ocr_par ocr_line ocrx_word'/>
</head>
<body>
  <div class='ocr_page' id='page_1' title='image "./picdelamirandole00dore_0140.png"; bbox 0 0 1906 2984; ppageno 0'>
   <div class='ocr_carea' id='block_1_1' title="bbox 905 259 1176 304">
    <p class='ocr_par' dir='ltr' id='par_1_1' title="bbox 905 259 1176 304">
     <span class='ocr_line' id='line_1_1' title="bbox 905 259 1176 304; baseline 0.004 -1"><span class='ocrx_word' id='word_1_1' title='bbox 905 259 1176 304; x_wconf 87' lang='lat'>-132—</span> 
     </span>
    </p>
   </div>
   <div class='ocr_carea' id='block_1_2' title="bbox 384 382 1710 576">
    <p class='ocr_par' dir='ltr' id='par_1_2' title="bbox 384 382 1710 576">
     <span class='ocr_line' id='line_1_2' title="bbox 386 382 1701 442; baseline -0.002 -14"><span class='ocrx_word' id='word_1_2' title='bbox 386 384 460 429; x_wconf 86' lang='lat' dir='ltr'>rio</span> <span class='ocrx_word' id='word_1_3' title='bbox 510 393 557 428; x_wconf 89' lang='lat' dir='ltr'>et</span> <span class='ocrx_word' id='word_1_4' title='bbox 600 382 850 442; x_wconf 86' lang='lat' dir='ltr'>deputatis</span> <span class='ocrx_word' id='word_1_5' title='bbox 895 383 1229 442; x_wconf 83' lang='lat' dir='ltr'>personaliter</span> <span class='ocrx_word' id='word_1_6' title='bbox 1271 382 1441 428; x_wconf 87' lang='lat' dir='ltr'>venire</span> <span class='ocrx_word' id='word_1_7' title='bbox 1481 382 1701 428; x_wconf 80' lang='lat' dir='ltr'>deberet.</span> 
     </span>
     <span class='ocr_line' id='line_1_3' title="bbox 387 457 1710 516; baseline 0 -15"><span class='ocrx_word' id='word_1_8' title='bbox 387 458 613 512; x_wconf 86' lang='lat' dir='ltr'>Quarum</span> <span class='ocrx_word' id='word_1_9' title='bbox 632 467 832 502; x_wconf 89' lang='lat' dir='ltr'>tenores</span> <span class='ocrx_word' id='word_1_10' title='bbox 851 457 911 502; x_wconf 92' lang='lat' dir='ltr'>de</span> <span class='ocrx_word' id='word_1_11' title='bbox 937 458 1091 503; x_wconf 90' lang='lat' dir='ltr'>verbo</span> <span class='ocrx_word' id='word_1_12' title='bbox 1119 457 1181 502; x_wconf 86' lang='lat' dir='ltr'>ad</span> <span class='ocrx_word' id='word_1_13' title='bbox 1198 457 1407 503; x_wconf 88' lang='lat' dir='ltr'>verbum</span> <span class='ocrx_word' id='word_1_14' title='bbox 1429 468 1710 516; x_wconf 88' lang='lat' dir='ltr'>sequuntur</span> 
     </span>
     <span class='ocr_line' id='line_1_4' title="bbox 384 531 526 576; baseline -0.007 0"><span class='ocrx_word' id='word_1_15' title='bbox 384 531 526 576; x_wconf 84' lang='lat' dir='ltr'>tales.</span> 
     </span>
    </p>
   </div>
   <div class='ocr_carea' id='block_1_3' title="bbox 434 734 1658 878">
    <p class='ocr_par' dir='ltr' id='par_1_3' title="bbox 434 734 1658 878">
     <span class='ocr_line' id='line_1_5' title="bbox 434 734 1658 794; baseline -0.001 -8"><span class='ocrx_word' id='word_1_16' title='bbox 434 734 760 794; x_wconf 82' lang='lat' dir='ltr'>SEQUUNTUR</span> <span class='ocrx_word' id='word_1_17' title='bbox 787 753 881 786; x_wconf 88' lang='lat' dir='ltr'>SEX</span> <span class='ocrx_word' id='word_1_18' title='bbox 910 752 1300 787; x_wconf 89' lang='lat' dir='ltr'>CONCLUSIONES</span> <span class='ocrx_word' id='word_1_19' title='bbox 1325 752 1658 788; x_wconf 81' lang='lat' dir='ltr'>DECLARANDE</span> 
     </span>
     <span class='ocr_line' id='line_1_6' title="bbox 633 834 1483 878; baseline -0.001 -10"><span class='ocrx_word' id='word_1_20' title='bbox 633 837 700 869; x_wconf 90' lang='lat' dir='ltr'>DE</span> <span class='ocrx_word' id='word_1_21' title='bbox 728 837 914 878; x_wconf 90' lang='lat' dir='ltr'>QUIBUS</span> <span class='ocrx_word' id='word_1_22' title='bbox 937 837 1097 871; x_wconf 87' lang='lat' dir='ltr'>SUPRA</span> <span class='ocrx_word' id='word_1_23' title='bbox 1121 836 1241 869; x_wconf 89' lang='lat' dir='ltr'>FUIT</span> <span class='ocrx_word' id='word_1_24' title='bbox 1267 834 1483 868; x_wconf 90' lang='lat' dir='ltr'><strong>MENTIO.</strong></span> 
     </span>
    </p>
   </div>
   <div class='ocr_carea' id='block_1_4' title="bbox 794 1025 1303 1087">
    <p class='ocr_par' dir='ltr' id='par_1_4' title="bbox 794 1025 1303 1087">
     <span class='ocr_line' id='line_1_7' title="bbox 794 1025 1303 1087; baseline 0.006 -17"><span class='ocrx_word' id='word_1_25' title='bbox 794 1025 965 1085; x_wconf 86' lang='lat' dir='ltr'>[PRIMA</span> <span class='ocrx_word' id='word_1_26' title='bbox 1008 1028 1303 1087; x_wconf 78' lang='lat' dir='ltr'>CONCLUsm]</span> 
     </span>
    </p>
   </div>
   <div class='ocr_carea' id='block_1_5' title="bbox 385 1129 1710 1412">
    <p class='ocr_par' dir='ltr' id='par_1_5' title="bbox 385 1129 1710 1412">
     <span class='ocr_line' id='line_1_8' title="bbox 447 1129 1710 1190; baseline 0.002 -16"><span class='ocrx_word' id='word_1_27' title='bbox 447 1129 547 1187; x_wconf 86' lang='lat' dir='ltr'>Qui</span> <span class='ocrx_word' id='word_1_28' title='bbox 585 1129 777 1175; x_wconf 85' lang='lat' dir='ltr'>dixerit</span> <span class='ocrx_word' id='word_1_29' title='bbox 807 1130 1028 1177; x_wconf 86' lang='lat' dir='ltr'>accidens</span> <span class='ocrx_word' id='word_1_30' title='bbox 1062 1146 1156 1177; x_wconf 91' lang='lat' dir='ltr'>non</span> <span class='ocrx_word' id='word_1_31' title='bbox 1188 1145 1335 1190; x_wconf 78' lang='lat' dir='ltr'>posse</span> <span class='ocrx_word' id='word_1_32' title='bbox 1366 1131 1583 1177; x_wconf 78' lang='lat' dir='ltr'>existere</span> <span class='ocrx_word' id='word_1_33' title='bbox 1612 1131 1710 1178; x_wconf 90' lang='lat' dir='ltr'>nisi</span> 
     </span>
     <span class='ocr_line' id='line_1_9' title="bbox 386 1203 1707 1267; baseline 0.001 -18"><span class='ocrx_word' id='word_1_34' title='bbox 386 1203 626 1250; x_wconf 81' lang='lat' dir='ltr'>inexistat</span> <span class='ocrx_word' id='word_1_35' title='bbox 707 1205 1027 1250; x_wconf 84' lang='lat' dir='ltr'>Eucharistie</span> <span class='ocrx_word' id='word_1_36' title='bbox 1084 1207 1273 1267; x_wconf 82' lang='lat' dir='ltr'>poterit</span> <span class='ocrx_word' id='word_1_37' title='bbox 1344 1215 1707 1252; x_wconf 88' lang='lat' dir='ltr'>sacramentum</span> 
     </span>
     <span class='ocr_line' id='line_1_10' title="bbox 385 1279 1707 1341; baseline 0.002 -18"><span class='ocrx_word' id='word_1_38' title='bbox 385 1286 550 1324; x_wconf 88' lang='lat' dir='ltr'>tenere</span> <span class='ocrx_word' id='word_1_39' title='bbox 596 1279 754 1324; x_wconf 85' lang='lat' dir='ltr'>eciam</span> <span class='ocrx_word' id='word_1_40' title='bbox 795 1279 995 1325; x_wconf 84' lang='lat' dir='ltr'>tenendo</span> <span class='ocrx_word' id='word_1_41' title='bbox 1036 1280 1186 1341; x_wconf 80' lang='lat' dir='ltr'>panis</span> <span class='ocrx_word' id='word_1_42' title='bbox 1227 1280 1558 1326; x_wconf 78' lang='lat' dir='ltr'>substanciam</span> <span class='ocrx_word' id='word_1_43' title='bbox 1614 1294 1707 1325; x_wconf 90' lang='lat' dir='ltr'>non</span> 
     </span>
     <span class='ocr_line' id='line_1_11' title="bbox 386 1354 1299 1412; baseline 0.003 -15"><span class='ocrx_word' id='word_1_44' title='bbox 386 1367 662 1412; x_wconf 86' lang='lat' dir='ltr'>remanere,</span> <span class='ocrx_word' id='word_1_45' title='bbox 691 1362 744 1398; x_wconf 88' lang='lat' dir='ltr'>ut</span> <span class='ocrx_word' id='word_1_46' title='bbox 762 1361 890 1398; x_wconf 84' lang='lat' dir='ltr'>tenet</span> <span class='ocrx_word' id='word_1_47' title='bbox 913 1354 1184 1401; x_wconf 89' lang='lat' dir='ltr'>communis</span> <span class='ocrx_word' id='word_1_48' title='bbox 1204 1355 1299 1402; x_wconf 80' lang='lat' dir='ltr'>via.</span> 
     </span>
    </p>
   </div>
   <div class='ocr_carea' id='block_1_6' title="bbox 772 1474 1322 1520">
    <p class='ocr_par' dir='ltr' id='par_1_6' title="bbox 772 1474 1322 1520">
     <span class='ocr_line' id='line_1_12' title="bbox 772 1474 1322 1520; baseline 0.002 -2"><span class='ocrx_word' id='word_1_49' title='bbox 772 1474 1008 1519; x_wconf 79' lang='lat' dir='ltr'>SECUNDA</span> <span class='ocrx_word' id='word_1_50' title='bbox 1030 1488 1322 1520; x_wconf 79' lang='lat' dir='ltr'>CONCLUsm.</span> 
     </span>
    </p>
   </div>
   <div class='ocr_carea' id='block_1_7' title="bbox 372 1575 1712 2081">
    <p class='ocr_par' dir='ltr' id='par_1_7' title="bbox 372 1575 1712 2081">
     <span class='ocr_line' id='line_1_13' title="bbox 446 1575 1709 1637; baseline -0.001 -17"><span class='ocrx_word' id='word_1_51' title='bbox 446 1575 505 1620; x_wconf 86' lang='lat' dir='ltr'>Si</span> <span class='ocrx_word' id='word_1_52' title='bbox 533 1583 757 1620; x_wconf 84' lang='lat' dir='ltr'>teneatur</span> <span class='ocrx_word' id='word_1_53' title='bbox 782 1576 1054 1621; x_wconf 90' lang='lat' dir='ltr'>communis</span> <span class='ocrx_word' id='word_1_54' title='bbox 1079 1576 1157 1621; x_wconf 78' lang='lat' dir='ltr'>via</span> <span class='ocrx_word' id='word_1_55' title='bbox 1176 1575 1575 1637; x_wconf 83' lang='lat' dir='ltr'>depossibilitate</span> <span class='ocrx_word' id='word_1_56' title='bbox 1595 1589 1709 1636; x_wconf 83' lang='lat' dir='ltr'>sup-</span> 
     </span>
     <span class='ocr_line' id='line_1_14' title="bbox 384 1649 1710 1712; baseline 0 -18"><span class='ocrx_word' id='word_1_57' title='bbox 384 1649 703 1710; x_wconf 86' lang='lat' dir='ltr'>positacionis</span> <span class='ocrx_word' id='word_1_58' title='bbox 732 1649 779 1693; x_wconf 89' lang='lat' dir='ltr'>in</span> <span class='ocrx_word' id='word_1_59' title='bbox 808 1658 1028 1711; x_wconf 81' lang='lat' dir='ltr'>respectu</span> <span class='ocrx_word' id='word_1_60' title='bbox 1050 1650 1114 1695; x_wconf 85' lang='lat' dir='ltr'>ad</span> <span class='ocrx_word' id='word_1_61' title='bbox 1135 1664 1489 1712; x_wconf 81' lang='lat' dir='ltr'>quamcumque</span> <span class='ocrx_word' id='word_1_62' title='bbox 1514 1658 1710 1694; x_wconf 86' lang='lat' dir='ltr'>creatu-</span> 
     </span>
     <span class='ocr_line' id='line_1_15' title="bbox 387 1722 1709 1785; baseline 0.001 -18"><span class='ocrx_word' id='word_1_63' title='bbox 387 1738 490 1768; x_wconf 90' lang='lat' dir='ltr'>rem</span> <span class='ocrx_word' id='word_1_64' title='bbox 539 1722 662 1782; x_wconf 81' lang='lat' dir='ltr'>(sic),</span> <span class='ocrx_word' id='word_1_65' title='bbox 695 1723 802 1768; x_wconf 85' lang='lat' dir='ltr'>dico</span> <span class='ocrx_word' id='word_1_66' title='bbox 836 1724 962 1785; x_wconf 81' lang='lat' dir='ltr'>quod</span> <span class='ocrx_word' id='word_1_67' title='bbox 999 1724 1103 1770; x_wconf 89' lang='lat' dir='ltr'>sine</span> <span class='ocrx_word' id='word_1_68' title='bbox 1135 1724 1446 1770; x_wconf 77' lang='lat' dir='ltr'>conversione</span> <span class='ocrx_word' id='word_1_69' title='bbox 1483 1724 1630 1785; x_wconf 84' lang='lat' dir='ltr'>panis</span> <span class='ocrx_word' id='word_1_70' title='bbox 1661 1724 1709 1768; x_wconf 89' lang='lat' dir='ltr'>in</span> 
     </span>
     <span class='ocr_line' id='line_1_16' title="bbox 385 1797 1712 1860; baseline 0.001 -19"><span class='ocrx_word' id='word_1_71' title='bbox 385 1811 560 1858; x_wconf 80' lang='lat' dir='ltr'>corpus</span> <span class='ocrx_word' id='word_1_72' title='bbox 591 1797 782 1843; x_wconf 85' lang='lat' dir='ltr'>Christi</span> <span class='ocrx_word' id='word_1_73' title='bbox 798 1799 873 1844; x_wconf 81' lang='lat' dir='ltr'>vel</span> <span class='ocrx_word' id='word_1_74' title='bbox 886 1799 1131 1860; x_wconf 81' lang='lat' dir='ltr'>panitatis</span> <span class='ocrx_word' id='word_1_75' title='bbox 1152 1799 1539 1844; x_wconf 87' lang='lat' dir='ltr'>annichilatione</span> <span class='ocrx_word' id='word_1_76' title='bbox 1550 1806 1712 1859; x_wconf 82' lang='lat' dir='ltr'>potest</span> 
     </span>
     <span class='ocr_line' id='line_1_17' title="bbox 372 1869 1708 1935; baseline 0.001 -21"><span class='ocrx_word' id='word_1_77' title='bbox 372 1869 498 1932; x_wconf 91' lang='lat' dir='ltr'>fieri</span> <span class='ocrx_word' id='word_1_78' title='bbox 542 1879 594 1916; x_wconf 85' lang='lat' dir='ltr'>ut</span> <span class='ocrx_word' id='word_1_79' title='bbox 631 1872 679 1916; x_wconf 90' lang='lat' dir='ltr'>in</span> <span class='ocrx_word' id='word_1_80' title='bbox 715 1872 871 1917; x_wconf 89' lang='lat' dir='ltr'>altari</span> <span class='ocrx_word' id='word_1_81' title='bbox 899 1873 964 1918; x_wconf 87' lang='lat' dir='ltr'>sit</span> <span class='ocrx_word' id='word_1_82' title='bbox 1003 1888 1177 1935; x_wconf 82' lang='lat' dir='ltr'>corpus</span> <span class='ocrx_word' id='word_1_83' title='bbox 1223 1873 1415 1920; x_wconf 83' lang='lat' dir='ltr'>Christi</span> <span class='ocrx_word' id='word_1_84' title='bbox 1448 1872 1708 1918; x_wconf 86' lang='lat' dir='ltr'>secundum</span> 
     </span>
     <span class='ocr_line' id='line_1_18' title="bbox 385 1945 1709 2009; baseline 0.002 -19"><span class='ocrx_word' id='word_1_85' title='bbox 385 1945 645 1990; x_wconf 77' lang='lat' dir='ltr'>veritatem</span> <span class='ocrx_word' id='word_1_86' title='bbox 670 1948 972 1992; x_wconf 86' lang='lat' dir='ltr'>sacramenti</span> <span class='ocrx_word' id='word_1_87' title='bbox 993 1948 1346 2002; x_wconf 88' lang='lat' dir='ltr'>Eucharistie;</span> <span class='ocrx_word' id='word_1_88' title='bbox 1372 1947 1497 2009; x_wconf 83' lang='lat' dir='ltr'>quod</span> <span class='ocrx_word' id='word_1_89' title='bbox 1526 1947 1591 1993; x_wconf 85' lang='lat' dir='ltr'>sit</span> <span class='ocrx_word' id='word_1_90' title='bbox 1607 1947 1709 1992; x_wconf 85' lang='lat' dir='ltr'>dic-</span> 
     </span>
     <span class='ocr_line' id='line_1_19' title="bbox 387 2019 1527 2081; baseline 0.003 -18"><span class='ocrx_word' id='word_1_91' title='bbox 387 2027 489 2064; x_wconf 85' lang='lat' dir='ltr'>tum</span> <span class='ocrx_word' id='word_1_92' title='bbox 517 2019 752 2081; x_wconf 84' lang='lat' dir='ltr'>loquendo</span> <span class='ocrx_word' id='word_1_93' title='bbox 777 2020 834 2066; x_wconf 86' lang='lat' dir='ltr'>de</span> <span class='ocrx_word' id='word_1_94' title='bbox 847 2021 1088 2081; x_wconf 78' lang='lat' dir='ltr'>possibili,</span> <span class='ocrx_word' id='word_1_95' title='bbox 1120 2037 1214 2068; x_wconf 90' lang='lat' dir='ltr'>non</span> <span class='ocrx_word' id='word_1_96' title='bbox 1236 2021 1294 2067; x_wconf 85' lang='lat' dir='ltr'>de</span> <span class='ocrx_word' id='word_1_97' title='bbox 1317 2022 1387 2067; x_wconf 89' lang='lat' dir='ltr'>sic</span> <span class='ocrx_word' id='word_1_98' title='bbox 1413 2035 1527 2067; x_wconf 90' lang='lat' dir='ltr'>esse.</span> 
     </span>
    </p>
   </div>
   <div class='ocr_carea' id='block_1_8' title="bbox 791 2139 1302 2187">
    <p class='ocr_par' dir='ltr' id='par_1_8' title="bbox 791 2139 1302 2187">
     <span class='ocr_line' id='line_1_20' title="bbox 791 2139 1302 2187; baseline 0.002 -3"><span class='ocrx_word' id='word_1_99' title='bbox 791 2139 985 2185; x_wconf 81' lang='lat' dir='ltr'>TERCIA</span> <span class='ocrx_word' id='word_1_100' title='bbox 1010 2154 1302 2187; x_wconf 78' lang='lat' dir='ltr'>CONCLUsm.</span> 
     </span>
    </p>
   </div>
   <div class='ocr_carea' id='block_1_9' title="bbox 375 2237 1709 2449">
    <p class='ocr_par' dir='ltr' id='par_1_9' title="bbox 375 2237 1709 2449">
     <span class='ocr_line' id='line_1_21' title="bbox 444 2237 1709 2306; baseline 0.002 -22"><span class='ocrx_word' id='word_1_101' title='bbox 444 2237 543 2284; x_wconf 91' lang='lat' dir='ltr'>Illa</span> <span class='ocrx_word' id='word_1_102' title='bbox 563 2239 709 2287; x_wconf 81' lang='lat' dir='ltr'>verba</span> <span class='ocrx_word' id='word_1_103' title='bbox 732 2256 749 2285; x_wconf 91' lang='lat'>.·</span> <span class='ocrx_word' id='word_1_104' title='bbox 773 2241 859 2287; x_wconf 89' lang='lat' dir='ltr'>hoc</span> <span class='ocrx_word' id='word_1_105' title='bbox 875 2251 947 2288; x_wconf 87' lang='lat' dir='ltr'>est</span> <span class='ocrx_word' id='word_1_106' title='bbox 970 2257 1145 2306; x_wconf 83' lang='lat' dir='ltr'>corpus</span> <span class='ocrx_word' id='word_1_107' title='bbox 1163 2253 1256 2289; x_wconf 89' lang='lat' dir='ltr'>etc.</span> <span class='ocrx_word' id='word_1_108' title='bbox 1273 2257 1364 2304; x_wconf 82' lang='lat' dir='ltr'>que</span> <span class='ocrx_word' id='word_1_109' title='bbox 1391 2242 1438 2288; x_wconf 86' lang='lat' dir='ltr'>in</span> <span class='ocrx_word' id='word_1_110' title='bbox 1454 2255 1709 2288; x_wconf 88' lang='lat' dir='ltr'>consecra-</span> 
     </span>
     <span class='ocr_line' id='line_1_22' title="bbox 388 2313 1709 2379; baseline 0.002 -22"><span class='ocrx_word' id='word_1_111' title='bbox 388 2313 521 2358; x_wconf 89' lang='lat' dir='ltr'>tione</span> <span class='ocrx_word' id='word_1_112' title='bbox 547 2313 777 2361; x_wconf 87' lang='lat' dir='ltr'>dicuntur</span> <span class='ocrx_word' id='word_1_113' title='bbox 801 2317 1136 2363; x_wconf 87' lang='lat' dir='ltr'>materialiter</span> <span class='ocrx_word' id='word_1_114' title='bbox 1161 2326 1397 2373; x_wconf 85' lang='lat' dir='ltr'>tenentur,</span> <span class='ocrx_word' id='word_1_115' title='bbox 1435 2331 1526 2362; x_wconf 90' lang='lat' dir='ltr'>non</span> <span class='ocrx_word' id='word_1_116' title='bbox 1551 2317 1709 2379; x_wconf 80' lang='lat' dir='ltr'>signi-</span> 
     </span>
     <span class='ocr_line' id='line_1_23' title="bbox 375 2387 596 2449; baseline 0.005 -16"><span class='ocrx_word' id='word_1_117' title='bbox 375 2387 596 2449; x_wconf 80' lang='lat' dir='ltr'>ficative.</span> 
     </span>
    </p>
   </div>
  </div>
 </body>
</html>
