1906 2984
769 289 1042 347 -157-

255 416 443 460 bonum
475 428 582 460 esse
608 424 663 460 ut
703 414 835 459 idem
865 413 1084 459 Joannes
1122 415 1332 459 ducatur
1373 427 1432 458 ex
1471 412 1567 458 hoc

256 504 435 549 regno3
477 503 630 548 quare
665 489 841 533 damus
876 502 1080 548 operam
1117 498 1170 533 ut
1205 487 1432 534 tradatur
1464 488 1567 532 Do-

254 562 389 607 mino
434 562 627 620 Brexie,
653 562 926 608 mittendus
966 562 1058 606 sub
1101 573 1207 607 tuta
1248 561 1478 607 custodia
1505 561 1567 606 ad

254 637 547 695 quod[d]am
589 646 808 681 castrum
849 635 1013 680 fratris
1042 635 1137 680 mei
1170 635 1378 681 Joannis
1406 635 1567 680 Orioli

255 712 346 755 sub
367 710 592 755 dominio
607 710 830 755 eiusdem
844 709 1045 754 Domini
1061 709 1398 766 Brexie‚unde
1419 709 1568 754 etiam

252 794 422 843 posset
462 794 636 843 postea
677 782 805 828 mitti
848 783 910 830 ad
953 782 1280 828 Sanctitatem
1319 785 1566 840 Vestram,

253 869 300 904 et
334 858 435 903 sive
478 868 745 916 antequam
785 857 847 901 ad
886 856 1019 901 idem
1061 867 1279 902 castrum
1323 857 1565 915 mittatur,

253 931 355 977 sive
377 942 643 991 postquam
670 930 771 974 illic
796 929 962 988 fuerit,
990 929 1174 989 poterit
1206 928 1496 986 examinari,
1521 940 1569 975 et

254 1006 360 1051 eius
395 1003 814 1050 examinationem
854 1003 1108 1049 mittemus
1148 1004 1211 1048 ad
1245 1001 1569 1048 Sanctitatem

252 1079 538 1123 Vestram...
570 1077 810 1136 Parisius,
839 1077 918 1122 die
943 1093 1082 1123 XV111J
1115 1075 1355 1122 februarii
1387 1076 1520 1133 1488.
1546 1093 1565 1118 »

351 1188 473 1228 Bibl.
498 1188 760 1238 Marciana,
786 1188 865 1228 lat.
894 1187 980 1238 IX,
1011 1199 1123 1244 129,
1157 1187 1232 1228 fol.
1255 1185 1414 1240 34-38.
1445 1187 1568 1239 (Let-

407 1264 472 1296 tre
498 1255 720 1309 originale
745 1267 824 1297 sur
854 1254 1045 1308 papier.)

887 1473 932 1516 4.

314 1622 412 1650 «....
443 1604 727 1664 Antequam
753 1605 1126 1651 discederemus
1165 1602 1405 1660 Parisius,
1433 1617 1569 1648 acce-

254 1678 417 1737 pimus
444 1679 688 1724 nonnulla
726 1679 895 1725 brevia
930 1678 1219 1725 Sanctitatis
1244 1678 1422 1722 Vestre
1448 1691 1569 1721 con-

256 1752 509 1798 cernentia
557 1753 814 1812 negotium
859 1753 1068 1798 Joannis
1116 1750 1473 1807 Mirandulani,
1523 1760 1572 1796 et

256 1825 663 1872 commissionem
704 1827 870 1872 datam
919 1826 1156 1885 episcopo
1199 1824 1571 1883 Gratianopoli-

255 1909 374 1943 tano
436 1900 741 1958 procedendi
786 1901 838 1945 in
893 1901 984 1945 hac
1035 1915 1200 1945 causa.
1245 1901 1355 1959 Ipse
1403 1910 1570 1944 tamen

260 1973 504 2018 Dominus
551 1974 817 2034 episcopus
863 1974 998 2019 misit
1042 1974 1104 2018 ad
1152 1988 1240 2018 nos
1288 1973 1569 2031 exemplum

258 2047 421 2093 brevis
464 2049 601 2107 quod
636 2049 679 2095 ei
717 2049 964 2095 Sanctitas
1004 2050 1183 2094 Vestra
1216 2048 1497 2107 scripserat,
1525 2058 1572 2094 et

257 2122 600 2182 subdelegavit
629 2123 774 2169 nobis
801 2122 1209 2168 commissionem
1236 2121 1331 2168 sibi
1369 2122 1533 2166 datam
1557 2136 1568 2176 ;

256 2210 428 2241 verum
461 2212 560 2242 non
597 2197 688 2243 fuit
714 2196 862 2242 nobis
888 2196 1026 2242 aliud
1058 2211 1207 2255 super
1239 2196 1335 2240 hoc
1370 2210 1396 2240 a
1422 2193 1569 2238 nobis

256 2270 531 2329 agendum3
559 2269 657 2315 iam
698 2269 830 2315 enirn
868 2269 1086 2314 ,Ioannes
1119 2269 1225 2328 ipse
1259 2267 1570 2312 Mirandula-

257 2357 349 2386 nus
376 2353 512 2388 extra
538 2358 745 2403 regnum
770 2341 953 2387 missus
987 2342 1165 2387 fuerat.
1201 2342 1345 2397 Nam,
1374 2350 1427 2385 ut
1460 2339 1569 2384 aliis

255 2415 433 2463 litteris
456 2416 518 2463 ad
544 2416 870 2463 Sanctitatem
893 2416 1122 2463 Vestram
1155 2413 1461 2475 scripsimus,
1488 2411 1569 2460 isti
