1906 2984
784 310 1050 353 „191-

259 419 498 465 munitam
526 420 998 465 demonstraremus.
1018 420 1179 474 Quam
1204 435 1306 464 rem
1333 436 1391 466 eo
1418 422 1572 467 liben-

255 492 354 537 tius
397 508 452 538 ac
497 493 832 538 confidentius
870 493 1096 550 fecimus,
1143 495 1279 552 quod
1323 495 1569 540 Sanctitas

258 578 359 624 tua,
387 568 528 627 cujus
554 583 735 612 munus
766 579 857 624 est,
885 567 1169 627 evangelica
1194 568 1337 626 falce,
1361 580 1415 615 ut
1440 569 1568 629 opti-

258 655 367 685 mus
395 652 441 686 et
478 641 895 700 prudentissimus
922 656 1127 698 messor,
1156 641 1397 687 zizaniam
1424 658 1450 687 a
1481 643 1569 688 tri-

257 714 358 759 tico
382 714 693 771 abscindere,
722 714 974 774 predictos
1009 729 1202 760 errores
1238 716 1492 762 damnavit
1525 728 1571 762 et

256 788 690 834 anathematizavit
697 823 786 833 .....
828 789 964 843 Quas
1021 790 1085 833 ob
1134 803 1239 846 res,
1285 789 1569 835 beatissime

258 864 417 919 Pater,
447 873 620 907 contra
646 861 985 921 apologeticas
1015 862 1367 908 conclusiones
1392 864 1569 923 prefati

251 934 495 979 Johannis
523 934 628 979 Pici
651 934 831 979 librum
859 934 1033 978 humili
1061 934 1173 980 stilo
1206 944 1253 980 et
1279 935 1568 982 scholastico

253 1022 389 1052 more
426 1007 785 1052 Parisiensium
835 1007 1171 1069 theologorum
1215 1008 1227 1027 ¹
1278 1008 1470 1068 scripsi,
1516 1009 1567 1054 in

252 1095 351 1140 quo
380 1090 669 1125 sanctorum
690 1081 892 1125 Patrum
926 1080 1260 1139 plurimorum
1294 1082 1566 1128 sententias

252 1164 299 1200 et
335 1153 776 1198 determinationes
809 1153 1119 1213 magistrales
1150 1153 1298 1211 (unde
1321 1154 1448 1200 liber
1473 1170 1565 1200 no-

252 1242 365 1273 men
407 1227 613 1287 accepit)
650 1226 845 1286 collegi,
872 1226 1129 1287 preposita
1167 1227 1373 1273 cuilibet
1401 1229 1565 1274 deter-

250 1300 583 1346 minationum
615 1300 942 1347 conclusione
979 1300 1247 1361 apologali,
1281 1312 1335 1347 ut
1370 1301 1562 1362 liquido

251 1394 278 1424 a
302 1379 586 1439 legentibus
625 1379 934 1439 intelligatur
961 1393 1044 1424 eas
1075 1394 1177 1424 non
1211 1378 1330 1424 odio
1362 1391 1409 1425 et
1433 1379 1560 1425 invi-

250 1453 348 1512 dia,
388 1455 475 1498 sed
516 1453 699 1513 optima
751 1463 798 1499 et
841 1468 1083 1513 perquam
1131 1453 1320 1499 efficaci
1369 1454 1562 1500 ratione

248 1541 356 1572 esse
382 1527 696 1572 damnatas...
721 1545 739 1569 »

315 1689 466 1740 Cette
500 1689 744 1739 derniere
781 1690 974 1756 phrase
1016 1703 1230 1740 montre
1270 1691 1321 1741 la
1360 1691 1561 1742 crainte

247 1771 552 1837 qu⁷avaient
588 1771 664 1821 les
699 1771 1101 1822 commissaires
1129 1773 1370 1823 romains
1397 1774 1560 1824 d’etre

245 1857 464 1903 accuses
492 1854 653 1903 d'une
681 1854 913 1904 certaine
942 1853 1224 1920 partialite,
1250 1856 1383 1905 dont
1407 1855 1559 1922 l’epi-

244 1935 406 2002 logue
433 1936 497 1985 de
527 1936 721 1987 Garcia
748 1935 906 1986 serait
936 1935 1112 2002 plutot
1136 1935 1187 1985 la
1220 1953 1417 2002 preuve
1455 1954 1558 2003 que

243 2017 293 2066 la
335 2017 645 2068 refutation.
674 2017 829 2069 Voici
871 2030 951 2067 cet
995 2016 1246 2084 epilogue
1294 2018 1394 2084 (op.
1443 2018 1553 2081 cit„

246 2098 345 2148 fol.
382 2116 405 2147 r
433 2116 506 2148 1111
534 2100 604 2165 VO)
637 2115 647 2149 :

300 2325 337 2352 1.
371 2311 532 2352 Garcia
559 2309 672 2352 etait
699 2312 789 2353 tres
813 2312 909 2363 fier,
935 2325 991 2353 en
1017 2327 1066 2354 sa
1104 2311 1277 2367 qualite'
1310 2314 1365 2354 de
1397 2313 1559 2354 maitre

242 2378 290 2419 es
309 2386 401 2419 arts
423 2379 477 2419 de
496 2378 786 2420 l’Universite
810 2380 864 2420 de
881 2380 1025 2430 Paris,
1046 2381 1101 2421 de
1120 2381 1315 2433 ripostcr
1337 2393 1394 2422 au
1416 2395 1436 2418 «
1463 2388 1555 2432 sty-

242 2447 313 2487 lus
335 2446 606 2488 Parisiensis
628 2459 649 2486 ›>
675 2459 757 2500 par
782 2448 822 2489 le
853 2462 872 2487 «
899 2449 1043 2501 stylus
1067 2449 1336 2490 Parisiensis
1367 2463 1402 2488 ».
