1906 2984
549 527 791 571 F1NAL1s
846 540 1183 572 CONCLthm
1233 541 1444 570 OPERIS

625 614 740 645 cum
774 600 943 646 debita
975 599 1356 660 protestatione.

396 746 415 770 «
447 728 555 773 Hec
593 738 725 783 sunt,
765 727 1052 774 beatissime
1080 729 1216 788 Papa
1244 729 1525 787 Innocenti,
1562 745 1658 790 que

333 803 473 862 jussu
512 813 597 848 tue
622 802 913 848 Sanctitatis
940 813 1116 848 contra
1147 803 1501 849 conclusiones
1536 819 1657 864 apo-

332 876 522 937 logales
571 876 861 937 spectabilis
898 877 990 923 viri
1029 878 1105 923 Jo.
1156 877 1261 923 Pici
1297 878 1656 937 Mirandulani,

336 951 621 997 Concordie
649 951 861 1009 comitis,
889 967 979 1012 ego
1006 953 1184 997 Petrus
1212 952 1414 998 Garsias
1447 953 1507 998 de
1538 953 1661 999 civi-

335 1035 436 1071 tate
468 1026 664 1085 Xativa,
707 1026 973 1072 Valentine
1012 1026 1247 1084 diocesis,
1295 1038 1343 1073 et
1392 1027 1660 1087 episcopus

337 1100 660 1158 Ussellensis,
688 1100 740 1145 in
782 1100 973 1147 artibus
1017 1112 1065 1147 et
1098 1116 1238 1147 sacra
1270 1101 1527 1162 theologia
1557 1118 1660 1148 rna-

334 1174 487 1234 gister
527 1174 846 1233 parisiensis,
896 1190 1028 1221 anno
1082 1175 1337 1222 salutifere
1387 1176 1662 1224 nativitatis

335 1248 540 1293 Domini
557 1249 714 1294 nostri
736 1250 855 1295 Jesu
868 1250 1055 1297 Christi
1071 1251 1121 1295 M
1140 1251 1311 1296 CCCC
1334 1253 1660 1311 LXXXVIII,

334 1323 493 1369 felicis
533 1324 858 1383 pontificatus
896 1336 979 1372 tue
1009 1325 1346 1372 Beatitudinis
1381 1341 1511 1372 anno
1546 1328 1659 1381 1111,

334 1398 386 1442 in
411 1399 535 1443 urbe
561 1399 718 1444 Roma
742 1399 936 1460 scripsi,
958 1400 1010 1445 in
1036 1400 1213 1446 edibus
1238 1401 1663 1448 Reverendissimi

337 1471 530 1517 domini
554 1472 650 1518 mei
670 1473 863 1519 domini
888 1474 1121 1520 Roderici
1149 1475 1210 1520 de
1239 1475 1408 1535 Borja,
1439 1476 1662 1538 episcopi

338 1546 651 1601 Portuensis,
679 1548 729 1592 S.
761 1549 817 1593 R.
855 1549 1081 1594 Ecclesie
1108 1549 1526 1609 vicecancellarii,
1554 1567 1663 1597 car-

337 1620 519 1668 dinalis
545 1622 801 1668 Valentini
828 1624 858 1668 ¹.
887 1625 943 1669 In
968 1624 1208 1684 predictis
1233 1636 1401 1671 autem
1426 1626 1662 1672 determi-

337 1695 627 1742 nationibus
651 1698 1026 1758 magistralibus
1055 1714 1251 1760 semper
1269 1714 1410 1746 mens
1438 1715 1548 1746 mea
1571 1701 1665 1748 fuit

340 1770 711 1818 Conclusiones
737 1783 933 1818 tantum
961 1784 1008 1820 et
1033 1789 1136 1819 non
1158 1789 1429 1834 personam
1454 1776 1663 1822 Joannis

342 1845 450 1891 Pici
484 1845 721 1893 damnare
748 1847 779 1893 ².
809 1847 925 1894 Scio
960 1847 1093 1893 enim
1120 1859 1168 1895 et
1201 1860 1461 1910 expertum
1500 1850 1663 1897 habeo

397 2024 432 2052 1.
462 2012 497 2052 11
525 2020 592 2053 est
625 2012 814 2052 curieux
840 2013 895 2053 de
929 2021 1160 2054 constater
1196 2026 1285 2067 que
1315 2026 1365 2055 ce
1395 2014 1507 2055 livre
1541 2028 1565 2054 a
1595 2012 1665 2056 ete

340 2076 556 2132 composti
578 2080 691 2119 dans
716 2080 759 2119 la
779 2081 959 2120 maison
978 2085 1129 2121 meme
1148 2081 1201 2121 de
1227 2082 1347 2122 celui
1370 2082 1464 2135 qui,
1488 2083 1665 2123 devenu

341 2158 472 2199 pape,
503 2147 654 2188 releva
697 2147 775 2187 Pic
824 2148 878 2187 de
921 2149 964 2188 la
1009 2149 1366 2189 condamnation
1406 2148 1664 2202 prononce'e

341 2226 424 2265 par
451 2213 671 2254 Innocent
705 2214 808 2254 VIII
851 2215 964 2255 dans
1008 2228 1058 2256 sa
1095 2215 1221 2257 bulle
1257 2217 1318 2257 du
1346 2229 1375 2269 4
1409 2218 1516 2257 aout
1555 2217 1663 2270 1487

341 2279 413 2331 (cf.
440 2293 594 2334 supra,
622 2295 665 2334 p.
692 2281 781 2334 68).

393 2359 433 2387 2.
465 2348 528 2388 La
555 2348 681 2389 bulle
719 2349 780 2390 du
805 2350 841 2402 '4
871 2350 979 2390 aout
1013 2347 1236 2403 specifiait
1274 2350 1364 2390 tres
1397 2350 1667 2390 clairement

343 2425 392 2454 ce
434 2415 561 2466 point
587 2415 854 2469 important.
893 2417 992 2458 Elle
1020 2415 1239 2458 de'clarait
1275 2430 1364 2470 que
1383 2417 1462 2458 Pic
1501 2417 1667 2458 n’avait

343 2492 562 2531 encouru,
583 2495 700 2536 pour
731 2484 855 2525 avoir
882 2484 1038 2538 publie
1063 2497 1135 2525 ses
1164 2485 1331 2536 theses,
1359 2499 1378 2524 «
1403 2484 1580 2526 nullam
1588 2514 1664 2525 .....
