1906 2984
716 291 990 336 -177-

196 401 295 446 tive
321 410 368 445 et
392 400 551 446 faulse
593 411 641 446 et
677 400 881 447 abusive
923 400 1183 445 acusation
1221 400 1281 445 de
1312 414 1512 459 supers-

196 473 351 518 ticion
398 490 486 534 par
527 475 763 535 ignorans
804 475 889 534 qui
931 474 1063 520 riens
1097 474 1177 534 n’y
1224 475 1512 534 emendent,

198 546 349 608 jacoit
385 563 439 593 ce
482 565 577 608 que
611 564 671 594 en
713 560 844 595 ceste
886 549 1130 595 adversite
1170 563 1246 594 me
1288 548 1513 594 consolle

198 635 258 665 en
301 636 354 666 ce
390 637 484 681 que
525 623 676 668 disoit
710 638 811 682 ung
837 623 938 667 bon
973 622 1276 681 philozophe
1318 621 1512 678 ancien,

201 694 340 740 selon
368 711 463 755 que
497 697 541 742 le
569 696 720 742 recite
750 696 985 741 Laercius
1019 710 1028 740 :
1055 713 1073 737 «
1093 698 1391 741 Innocentes
1411 710 1513 740 non

201 769 446 816 debillitat
500 769 816 815 consciencia
875 769 926 814 in
975 769 1211 826 adversis,
1270 768 1513 813 solacium

201 853 274 888 est
313 843 445 888 enim
479 843 670 888 homini
693 858 794 888 non
824 843 1067 888 meruisse
1096 843 1231 902 quod
1256 842 1457 902 patitur.
1490 860 1509 884 »

196 915 302 975 J'ay
328 930 387 960 eu
422 918 564 976 apres
601 931 697 961 une
730 926 867 961 autre
909 915 1281 961 consideration
1304 926 1351 961 et
1377 930 1514 974 espe-

196 1002 360 1045 rance,
391 990 475 1048 qui
495 999 583 1046 est,
611 989 735 1047 Sire,
758 1003 853 1048 que
880 989 924 1048 je
949 1003 1065 1048 scay
1092 989 1207 1034 bien
1235 1003 1330 1047 que
1358 989 1397 1033 si
1423 1003 1513 1047 par

196 1060 292 1105 telz
320 1075 440 1120 gens
467 1076 531 1106 ou
558 1061 691 1107 leurs
725 1071 925 1120 apostes
963 1075 1024 1105 ne
1067 1072 1196 1106 estes
1223 1063 1509 1120 destourne‚

195 1149 321 1179 vous
367 1149 568 1193 scaurez
611 1135 726 1180 bien
786 1134 929 1180 veoir
976 1145 1023 1179 et
1067 1145 1248 1193 notter,
1297 1151 1387 1195 par
1440 1136 1512 1180 les

195 1207 394 1268 figures,
438 1208 687 1268 exemples
728 1218 776 1254 et
816 1208 1090 1254 auctoritez
1135 1219 1182 1253 et
1215 1209 1410 1255 raisons
1454 1224 1513 1269 cy

197 1284 339 1341 apres
365 1281 531 1341 mises,
561 1292 812 1328 comment
837 1282 1086 1342 plusieurs
1113 1297 1260 1342 grans
1296 1298 1432 1342 amys
1467 1294 1514 1330 et

197 1354 455 1401 familliers
489 1357 549 1402 de
586 1356 713 1401 Dieu
754 1367 842 1402 ont
884 1370 1031 1401 sceue
1077 1366 1124 1401 et
1166 1356 1425 1416 pratiquee
1465 1357 1513 1401 la

198 1429 391 1475 science
418 1430 752 1490 d’arstrologie‚
783 1440 892 1476 tant
925 1431 1107 1476 devant
1138 1430 1183 1475 le
1210 1430 1389 1491 deluge
1416 1446 1511 1491 que

198 1507 340 1565 apres
367 1520 428 1550 en
461 1505 672 1550 l’encien
698 1516 744 1551 et
777 1520 1007 1550 nouveau
1033 1506 1352 1561 Testament3
1388 1521 1513 1551 vous

198 1579 423 1625 voullant
451 1579 565 1624 bien
603 1579 831 1634 advertir,
865 1579 992 1635 Sire,
1019 1594 1114 1638 que
1150 1594 1238 1638 pas
1272 1594 1335 1624 ne
1361 1579 1512 1624 devez

197 1653 401 1700 tollerer
449 1667 510 1698 ne
560 1652 761 1698 souffrir
814 1667 909 1711 que
965 1663 1097 1698 ceste
1154 1652 1349 1699 science
1407 1663 1515 1699 tant

199 1727 457 1784 encienne,
502 1727 653 1772 noble
688 1737 736 1772 et
771 1726 930 1783 mille,
971 1727 1055 1786 qui
1092 1727 1300 1786 jusquez
1341 1742 1400 1787 cy
1424 1742 1514 1786 par

197 1811 305 1847 tant
328 1802 387 1846 de
417 1800 455 1845 si
480 1816 626 1860 grans
647 1816 765 1860 gens
786 1815 812 1845 a
839 1801 941 1846 este
962 1800 1213 1857 excercee,
1241 1810 1512 1846 soustenue

198 1886 243 1920 et
269 1874 544 1934 pratiquee,
570 1874 881 1920 maintenant
907 1890 968 1919 au
996 1875 1101 1919 seul
1129 1875 1317 1933 appetit
1341 1875 1514 1919 desor-

197 1949 362 1993 donne
391 1949 449 1993 de
488 1948 588 1993 telx
620 1948 856 2007 ignorans
884 1959 930 1994 et
971 1948 1279 1993 detracteurs
1331 1948 1514 1993 durant

196 2034 361 2067 vostre
389 2037 564 2081 resgne
588 2021 684 2067 soit
712 2022 839 2067 ainsi
866 2033 913 2068 et
934 2036 997 2067 ou
1025 2033 1282 2082 contempt
1307 2023 1367 2067 de
1387 2038 1512 2068 vous

197 2097 418 2152 chassee‚
464 2097 644 2141 abatue
682 2107 730 2142 et
765 2096 1083 2156 villipendee‚
1111 2106 1158 2141 et
1188 2111 1514 2156 consequam-

199 2182 334 2216 ment
362 2170 682 2229 arismetique
706 2181 752 2216 et
773 2170 1060 2230 geometrie,
1087 2181 1252 2216 autres
1278 2171 1408 2216 deux
1434 2186 1515 2216 ars

198 2245 445 2289 liberaulx
471 2259 547 2289 ses
573 2244 1095 2302 chamberieres,do'nt
1117 2244 1211 2289 elle
1238 2255 1311 2290 est
1334 2245 1510 2290 servie.

201 2320 297 2364 Car
337 2334 390 2364 ce
426 2319 580 2364 seroit
613 2320 711 2364 tres
738 2319 1043 2378 grievement
1069 2330 1116 2364 et
1139 2320 1515 2365 enormeement

199 2393 440 2453 desrogne
472 2395 500 2438 a
540 2393 804 2439 l'honneur
840 2404 888 2440 et
923 2392 1176 2438 sublimite
1217 2394 1278 2439 de
1319 2393 1366 2438 la
1413 2395 1512 2449 tres
