1906 2984
789 306 1057 351 ,119-

267 417 358 460 dus
384 416 618 462 dominus
643 417 895 462 Johannes
922 416 1186 477 episcopus
1213 426 1260 463 et
1282 416 1572 464 commissa-

266 489 367 534 rius
401 490 649 536 ordinavit
691 505 747 536 ac
773 491 888 536 fecit
921 491 1058 549 quod
1091 505 1262 537 omnes
1301 502 1348 538 et
1391 491 1572 552 singuli

266 566 455 611 domini
482 567 703 626 episcopi
731 577 778 612 et
815 567 897 612 alii
924 566 974 612 in
1001 581 1141 612 sacra
1174 567 1427 628 theologia
1468 582 1572 612 ma-

265 636 404 699 gistri
431 651 478 686 et
494 640 726 686 doctores
746 641 807 686 ad
833 642 1180 700 exequendum
1202 641 1418 701 prefatas
1439 641 1572 688 litte-

264 729 342 759 ras
369 714 419 759 in
450 714 609 760 forma
636 716 798 760 brevis
825 729 913 774 per
933 715 1178 774 prefatum
1203 715 1572 761 sanctissimum

264 789 532 833 Dominum
549 798 791 844 nostrum,
806 800 859 834 ut
879 788 1017 846 dixit,
1033 788 1313 848 specialiter
1331 789 1572 849 deputati,

260 873 558 908 vocarentur
609 863 670 907 ad
718 863 1107 921 comparendum
1159 877 1327 907 coram
1375 877 1433 907 eo
1474 877 1574 907 una

261 951 372 981 cum
399 935 589 995 prefato
617 935 821 980 domino
843 936 1069 981 Johanne
1090 935 1352 993 comite,in
1374 935 1572 981 Palacio

261 1009 536 1070 apostolico
575 1009 706 1068 apud
748 1009 987 1054 Sanctum
1027 1010 1247 1066 Petrum,
1285 1008 1336 1053 in
1377 1023 1572 1054 camera

257 1082 458 1144 proprie
484 1081 807 1128 habitationis
831 1082 1010 1141 prefati
1048 1081 1235 1127 domini
1262 1080 1485 1141 episcopi
1526 1094 1572 1129 et

260 1155 614 1213 commissarii3
657 1169 805 1214 quem
858 1155 1025 1200 locum
1080 1154 1213 1200 idem
1267 1156 1570 1200 reverendus

261 1230 493 1276 dominus
543 1228 805 1289 episcopus
854 1239 902 1274 et
954 1228 1329 1274 commissarius
1376 1228 1471 1274 sibi
1523 1240 1570 1275 et

259 1304 447 1349 eisdem
470 1302 686 1348 dominis
709 1302 958 1362 deputatis
985 1303 1046 1348 ad
1064 1301 1308 1362 prefatam
1333 1302 1569 1347 commis-

259 1378 468 1435 sionem,
513 1387 568 1422 ut
610 1376 930 1437 premittitur,
972 1376 1152 1422 factam
1208 1377 1567 1436 exequendam,

257 1468 348 1514 pro
402 1451 642 1497 tribunali
706 1451 853 1511 elegit
906 1461 953 1496 et
1012 1450 1267 1510 deputavit
1325 1451 1386 1495 ad
1437 1450 1570 1496 diem

258 1536 564 1586 sequentem,
605 1525 838 1571 videlicet
887 1524 1019 1570 diem
1058 1524 1253 1570 veneris
1298 1525 1569 1570 secundam

259 1602 483 1662 ejusdem
523 1600 708 1645 mensis
749 1599 921 1645 marcii
960 1610 1006 1646 et
1047 1599 1221 1644 horam
1260 1598 1567 1656 vicesimam,

254 1690 343 1735 per
381 1674 752 1735 infrascriptum
803 1673 1103 1720 sanctissimi
1160 1673 1361 1719 Domini
1413 1673 1568 1718 nostri

258 1752 391 1810 Pape
413 1763 682 1794 cursorem.
714 1749 875 1803 Quam
900 1748 1075 1794 horam
1107 1762 1198 1807 pro
1239 1747 1568 1806 infrascriptis

257 1823 560 1883 exequendis
581 1822 675 1868 sibi
695 1837 785 1882 pro
811 1821 1140 1882 infrascriptis
1160 1821 1367 1882 singulis
1390 1821 1567 1867 diebus

258 1897 422 1957 elegit.

317 2120 408 2165 Die
430 2119 624 2165 veneris
651 2120 870 2165 secunda
900 2120 1122 2179 ejusdem
1156 2117 1341 2164 mensis
1375 2117 1565 2163 marcii.

318 2265 629 2312 Sanctissimi
650 2265 851 2311 Domini
872 2266 1030 2312 nostri
1055 2268 1187 2326 Pape
1210 2281 1383 2312 cursor
1402 2265 1570 2312 retulit

258 2339 427 2396 michi,
456 2340 653 2385 notario
691 2340 1028 2400 infrascripto,
1056 2340 1162 2386 heri
1192 2354 1283 2399 pro
1323 2339 1472 2385 hodie
1507 2341 1569 2385 ad

255 2415 647 2476 comparendum
666 2430 834 2462 coram
853 2415 1044 2476 prefato
1068 2415 1340 2461 reverendo
1363 2413 1567 2461 domino
