1906 2984
855 321 1125 379 „193—

324 447 548 508 Dorigny
596 446 717 492 etait
759 447 962 491 nomme
1011 446 1176 506 doyen
1221 446 1320 503 (fol.
1367 447 1420 492 16
1459 449 1533 505 r0).
1575 449 1645 492 Le

323 521 514 567 samedi
541 536 598 566 22
621 519 719 566 mai
746 521 806 566 de
832 520 1025 566 l'annee
1048 519 1275 566 suivante
1301 522 1436 579 1501,
1459 522 1648 568 Robert

325 595 520 656 Gaguin
546 595 767 642 mourait
800 597 827 640 a
853 595 977 655 l’age
1011 595 1072 640 de
1099 594 1158 640 68
1187 610 1275 641 ans
1311 595 1408 655 (fol.
1442 596 1494 640 18
1519 597 1583 654 νο)
1612 596 1642 640 ¹.

323 783 572 823 decanatus
622 781 670 821 in
706 780 922 821 manibus
960 779 1146 820 Domini
1174 779 1349 820 Nicolai
1393 780 1447 820 de
1481 779 1644 832 Conty‚

322 851 482 891 decani
514 849 741 890 naturalis
766 848 1054 889 Facultatis:
1088 848 1167 901 qui
1212 860 1360 888 annus
1397 855 1494 888 erat
1529 846 1646 887 mihi

322 918 540 970 jubileus,
568 916 678 970 quia
698 928 781 970 ego
810 915 988 957 fueram
1011 927 1172 969 regens
1199 916 1245 955 in
1279 915 1377 968 ipsa
1411 914 1646 955 Facultate

324 997 444 1025 anno
478 983 640 1037 viginti
666 991 710 1024 et
747 983 1087 1036 compleveram
1117 982 1342 1034 jubileum
1374 993 1549 1022 annum
1578 993 1648 1021 se-

322 1051 529 1092 cundum
576 1057 745 1091 statuta
779 1050 1044 1091 Facultatis.
1067 1050 1169 1099 Que
1210 1057 1367 1102 postea
1395 1055 1648 1101 sequentur

323 1130 543 1172 prospera
580 1117 715 1158 faciat
751 1117 888 1157 Deus.
916 1117 1082 1157 Amen.
1115 1116 1231 1156 Rob.
1265 1115 1504 1169 Gaguinus
1541 1127 1645 1168 sep-

322 1186 434 1226 timo
449 1193 493 1226 et
510 1184 796 1238 sexagesimo
811 1184 941 1224 etatis
959 1196 1060 1224 mee
1076 1183 1158 1223 hec
1178 1182 1354 1235 scripsi.
1372 1196 1391 1220 »
1409 1182 1505 1222 Fol.
1527 1181 1574 1221 15
1591 1189 1644 1222 r0.

323 1254 471 1306 (Cette
498 1252 707 1292 derniere
737 1251 944 1292 mention
974 1251 1125 1291 donne
1155 1247 1333 1290 l'annee
1366 1250 1421 1290 de
1447 1250 1490 1289 la
1518 1249 1645 1289 nais-

323 1333 458 1362 sance
491 1321 546 1360 de
568 1319 748 1373 Gaguin
782 1317 950 1372 (1433),
979 1319 1117 1371 qu'on
1155 1317 1353 1371 ignorait
1386 1317 1565 1370 jusqu'a
1594 1328 1645 1356 ce

323 1388 456 1441 jour.)

380 1469 415 1495 1.
451 1472 470 1491 α
505 1454 693 1495 Sabbati
730 1453 847 1506 xxij:
878 1453 1087 1493 eiusdem
1120 1452 1294 1493 mensis
1327 1452 1454 1503 (maii
1501 1451 1643 1503 1501),

323 1522 477 1562 anima
507 1520 761 1561 Reverendi
810 1519 954 1572 patris
998 1518 1185 1559 Domini
1224 1518 1410 1558 Roberti
1445 1516 1644 1570 Gaguini

322 1588 550 1643 generalis
576 1587 752 1628 ordinis
778 1594 933 1626 sancte
958 1585 1200 1627 Trinitatis
1226 1585 1281 1624 de
1311 1584 1644 1638 Redemptione

321 1656 608 1709 captivorum
656 1653 871 1694 transiuit
922 1653 977 1694 de
1016 1652 1104 1694 hoc
1151 1652 1326 1692 mundo
1369 1651 1426 1692 ad
1467 1659 1645 1704 patrem

321 1722 723 1775 omnipotentem:
766 1732 907 1773 quem
932 1719 1189 1760 Robertum
1231 1718 1398 1758 debent
1437 1718 1644 1771 magistri

321 1788 633 1830 universitatis
672 1788 828 1840 lugere
863 1795 909 1827 et
941 1786 1108 1826 deflere
1142 1785 1221 1838 qui
1257 1785 1452 1838 singulis
1489 1793 1533 1825 et
1563 1785 1644 1824 toti

321 1856 503 1909 corpori
545 1855 630 1896 fuit
659 1854 824 1895 honori
870 1861 913 1894 et
956 1853 1159 1902 utilitati,
1202 1853 1468 1905 relinquens
1511 1851 1645 1892 nobis

321 1923 468 1964 multa
518 1922 808 1964 munimenta
852 1929 896 1961 et
935 1921 1103 1974 scripta
1136 1921 1209 1961 cui
1239 1920 1361 1961 Deus
1407 1920 1646 1972 indulgere

322 1991 550 2045 dignetur.
573 2004 594 2030 ›>
617 1990 715 2031 Fol.
745 1988 795 2030 18
814 1997 871 2030 v0.
892 2012 941 2018 -
959 1988 1028 2029 Cf.
1061 1986 1336 2042 egalement,
1355 1987 1473 2027 Bibl.
1492 1988 1642 2027 Maza-

323 2058 437 2108 rine,
484 2071 575 2099 ms.
628 2056 756 2107 3355,
798 2055 1095 2097 Ordinarium
1147 2054 1545 2109 martyrologium,
1589 2065 1644 2094 ac

321 2125 597 2168 obitum-ium
624 2124 771 2166 sancti
797 2123 1062 2164 Alatlzurini
1085 2122 1352 2175 parisiensis
1377 2122 1565 2163 ecclesie
1589 2122 1644 2162 ab

320 2205 438 2234 anno
469 2192 718 2244 1483(f01.
741 2204 798 2246 49
823 2191 901 2244 νο),
920 2191 995 2239 ou,
1023 2190 1048 2230 a
1077 2190 1121 2230 la
1151 2190 1254 2230 date
1273 2190 1334 2229 du
1361 2189 1642 2240 lendemain,

325 2259 377 2300 23
405 2260 514 2309 mai,
537 2272 596 2300 on
626 2259 678 2298 lit
703 2271 712 2298 ε
742 2273 761 2297 α
788 2257 916 2299 Obiit
941 2257 1352 2298 reverendissimus
1382 2256 1428 2295 in
1459 2255 1643 2296 Christo

325 2335 452 2379 pater
479 2325 696 2366 dominus
729 2324 960 2365 Robertus
993 2323 1279 2376 Guaguinus,
1310 2334 1428 2363 anno
1460 2320 1645 2362 Domini

324 2393 558 2433 millesimo
597 2391 955 2446 quingentesimo
989 2391 1151 2443 primo,
1173 2389 1322 2430 XXII
1347 2388 1469 2437 maii,
1501 2393 1546 2428 et
1569 2400 1641 2428 se-

317 2460 472 2513 pultus
498 2464 565 2501 est
591 2464 697 2501 ante
717 2458 862 2512 majus
885 2459 1035 2499 altare
1059 2456 1245 2498 ecclesie
1272 2457 1432 2498 Sancti
1452 2456 1643 2496 ,ΜατΙιιι-
