1906 2984
844 295 1115 324 —120—

314 409 544 456 Johanne
570 407 809 467 episcopo
841 416 890 452 et
914 405 1261 452 commissario
1288 406 1352 451 ad
1384 406 1559 451 horam
1593 416 1640 450 et

316 485 486 528 locum
520 479 934 541 supranominata
976 493 1185 525 vocasse
1234 493 1408 525 omnes
1449 489 1497 525 et
1536 478 1639 524 sin-

317 557 460 618 gulos
484 554 851 615 infrascriptos,
878 553 1113 600 videlicet
1137 567 1147 598 :

377 630 698 676 Reverendos
725 628 776 674 in
802 628 1005 674 Christo
1031 638 1198 688 patres
1231 627 1465 673 dominos
1492 626 1640 672 Ardi-

317 705 486 752 cinum
508 703 836 763 Ale'riensem,
859 705 1062 750 Petrum
1090 702 1430 759 Usselensem‚
1455 702 1644 748 Antho-

318 780 457 825 nium
495 779 838 835 Tiburtinum‚
888 778 1224 824 Golzeranum
1273 777 1642 838 Leglinensem,

316 854 599 900 Johannem
649 853 947 898 Coclensem
1010 852 1101 898 Dei
1143 852 1311 912 gracia
1348 851 1640 912 episcopos;

319 943 518 974 necnon
572 927 885 973 venerabiles
950 938 998 973 et
1055 927 1448 987 circumspectos
1509 925 1643 971 viros

318 1001 551 1048 dominos
591 1002 872 1047 Sansonem
914 1002 974 1047 de
1017 1000 1180 1058 Senis,
1224 1000 1430 1046 Ordinis
1477 999 1644 1045 Mino-

319 1091 444 1132 rum,
461 1075 773 1121 Anthonium
792 1076 852 1121 de
875 1075 1121 1131 Bononia,
1139 1075 1345 1120 Ordinis
1373 1075 1645 1120 Servorum

319 1150 605 1210 generales;
649 1150 967 1196 Joachimum
1019 1150 1079 1194 de
1128 1149 1358 1206 Venciis,
1400 1148 1644 1195 vicarium

319 1224 605 1284 generalem
631 1223 838 1269 Ordinis
874 1222 1272 1282 Predicatorum‚
1314 1224 1541 1269 Marcum
1582 1224 1642 1269 de

322 1298 562 1356 Miroldo,
597 1298 891 1358 magistrum
928 1298 1056 1344 sacri
1096 1297 1302 1355 Palaeii,
1329 1297 1643 1343 Anthonium

324 1373 517 1430 Flores,
554 1372 819 1433 utriusque
860 1372 982 1433 juris
1021 1373 1298 1430 doctorem,
1339 1371 1644 1418 sanctissimi

324 1447 528 1493 Domini
559 1447 717 1492 nostri
756 1448 888 1506 Pape
927 1446 1334 1502 referendarium,
1368 1448 1557 1493 Lucam
1583 1448 1643 1493 de

325 1522 587 1583 Fulgineo,
615 1521 915 1568 sanctissimi
953 1521 1157 1566 Domini
1193 1521 1353 1567 nostri
1385 1521 1645 1568 confesso-

323 1612 444 1654 rem,
474 1595 797 1641 Franciscum
824 1596 885 1641 de
930 1595 1142 1653 Murcia,
1171 1596 1396 1656 ejusdem
1431 1595 1642 1642 sanctis-

325 1670 438 1716 simi
493 1669 697 1715 Domini
739 1670 899 1716 nostri
942 1670 1325 1728 cubicularium‚
1363 1670 1647 1716 Johannem

326 1744 555 1802 Cordier,
614 1744 966 1802 Parisiensem,
1019 1744 1299 1805 Baptistam
1357 1744 1647 1805 Signorium

326 1821 386 1865 de
411 1820 590 1876 Janua,
621 1830 1000 1878 procuratorem
1038 1819 1243 1864 Ordinis
1272 1819 1646 1866 Heremitarum

329 1892 498 1939 Sancti
530 1893 815 1953 Augustini,
848 1904 895 1938 et
929 1892 1315 1952 Cristophorum
1343 1894 1403 1939 de
1443 1895 1647 1940 Castro-

328 1982 478 2024 novo,
508 1966 713 2012 Ordinis
755 1967 1028 2025 Minorum,
1066 1982 1203 2013 sacre
1240 1967 1494 2028 theologie
1530 1985 1649 2028 pro—

328 2043 545 2088 fessores
569 2052 616 2087 et
641 2042 923 2102 magistros,
952 2043 1014 2088 ad
1039 2043 1330 2102 petendum,
1358 2042 1647 2102 videndum,

330 2114 638 2161 audiendum
671 2127 719 2161 et
747 2116 1131 2176 intelligendum
1163 2117 1407 2162 declarari
1443 2117 1650 2162 conclu-

331 2190 499 2235 siones
539 2189 763 2248 confuse,
795 2201 850 2236 ut
886 2190 1162 2248 dicebatur,
1203 2191 1267 2236 ad
1292 2191 1651 2251 disputandum

330 2264 609 2324 publicatas
647 2276 694 2311 et
732 2266 925 2326 positas
962 2281 1050 2326 per
1083 2264 1333 2326 prefatum
1372 2266 1652 2312 Johannem

331 2338 566 2384 comitem
588 2338 716 2385 inter
749 2340 871 2385 alias
907 2356 1021 2386 suas
1055 2339 1407 2386 conclusiones
1440 2341 1649 2400 positas.

334 2414 547 2459 Necnon
576 2413 709 2461 idem
735 2429 912 2461 cursor
939 2414 1107 2462 retulit
1136 2424 1191 2462 ut
1216 2429 1386 2475 supra,
1413 2415 1476 2461 ad
1502 2415 1652 2475 diem,
