1906 2984
915 295 1147 339 -30—

370 421 436 470 de
477 421 833 470 nombreuses
892 424 1149 486 enquetes
1192 433 1242 470 et
1284 421 1688 480 deliberationS,

367 501 590 552 l'affaire
635 501 806 552 s'etait
849 506 1135 568 arrangee3
1166 502 1301 552 mais
1341 502 1581 569 l'eveque
1625 504 1689 552 de

371 584 587 646 Meaux,
617 583 711 649 qui
738 583 878 634 avait
900 588 1093 633 accuse
1118 585 1147 634 a
1173 597 1280 634 tort
1305 584 1353 633 le
1386 583 1690 634 chancelier

366 664 658 715 Ambroise
700 666 764 715 de
808 665 1082 732 Cambray
1109 666 1173 715 de
1217 681 1272 715 sa
1318 669 1688 716 mesaventure

368 761 417 798 et
465 746 644 797 l'avait
692 748 1048 813 grandement
1102 746 1324 807 offense,
1376 747 1516 797 avait
1563 764 1688 812 regu

367 829 564 879 l’ordre
592 829 656 878 de
684 828 997 895 comparoir
1024 845 1089 878 en
1113 845 1383 894 personne
1408 829 1436 878 3
1461 830 1635 878 Rome
1655 829 1686 877 ¹.

437 910 540 959 Les
579 926 783 959 nonces
832 909 1029 959 etaient
1078 909 1245 959 d'avis
1286 926 1391 976 que
1450 910 1498 959 le
1555 926 1689 975 pape

368 991 550 1041 retirat
593 1007 693 1041 son
738 990 870 1040 bref.
911 991 1177 1057 L’e'veque
1219 991 1283 1040 de
1339 990 1492 1040 Paris
1530 990 1688 1050 avait,

368 1073 455 1123 via
478 1072 632 1136 facti,
664 1071 759 1123 fait
794 1088 998 1138 couper
1033 1072 1084 1122 la
1123 1088 1298 1138 queue
1343 1073 1406 1121 de
1445 1072 1495 1121 13
1522 1072 1690 1138 chape

369 1155 434 1204 de
478 1154 719 1219 l'e'veque
774 1154 839 1202 de
903 1153 1120 1215 Meaux,
1165 1152 1522 1216 disaient—i153
1565 1154 1692 1204 c'est

369 1237 513 1285 donc
538 1234 720 1285 affaire
748 1234 930 1301 privee
966 1248 1114 1284 entre
1140 1235 1273 1284 Jean
1309 1233 1616 1284 L'Huillier
1642 1247 1691 1284 et

373 1316 543 1367 Louis
584 1317 648 1366 de
674 1316 1012 1378 Beaumont3
1044 1330 1092 1366 et
1117 1316 1184 1365 ils
1211 1315 1558 1366 concluaient
1586 1332 1689 1382 que

368 1398 417 1448 le
455 1397 568 1461 fait,
595 1414 734 1464 pour
759 1414 835 1447 un
862 1400 1064 1464 eveque
1098 1397 1306 1447 attache'
1348 1398 1378 1447 a
1412 1397 1691 1448 l’Univer-

368 1480 486 1540 site',
511 1479 714 1529 d'avoir
733 1474 886 1546 po'rte
908 1495 1013 1528 une
1041 1478 1210 1545 chape
1237 1480 1265 1528 a
1293 1495 1486 1545 queue,
1512 1478 1692 1529 n’etait

371 1578 465 1628 pas
506 1578 581 1611 un
622 1574 734 1610 aete
773 1560 816 1610 si
856 1559 1262 1626 reprehensible
1301 1559 1434 1625 qu'il
1472 1559 1693 1626 justifiat

372 1659 428 1692 sa
454 1641 678 1692 citation
723 1658 790 1691 en
831 1658 992 1691 cours
1031 1642 1095 1690 de
1126 1642 1320 1703 Rome,
1353 1661 1376 1686 <c
1406 1654 1621 1691 surtout
1648 1642 1691 1692 si

372 1724 482 1773 l'on
526 1722 855 1773 considerait
893 1739 997 1789 que
1042 1736 1124 1772 cet
1177 1726 1380 1789 eveque
1445 1722 1692 1788 jouissait

371 1806 506 1855 dans
536 1804 889 1855 l'Universite
915 1804 1076 1853 d'une
1108 1803 1341 1853 certaine
1383 1804 1692 1870 reputation

371 1899 421 1935 et
450 1902 573 1952 que,
602 1890 1022 1952 presentement‚
1052 1884 1119 1934 ils
1159 1884 1371 1934 avaient
1402 1885 1590 1934 besoin
1629 1887 1694 1935 de

371 1967 449 2017 lui
477 1969 611 2018 dans
639 1966 857 2017 l'affaire
885 1967 948 2017 de
983 1965 1077 2016 Pie
1104 1967 1168 2016 de
1201 1966 1252 2016 la
1278 1966 1586 2016 Mirandole
1610 1967 1625 1986 ²
1645 1987 1690 2017 ».

431 2153 467 2180 1.
497 2138 703 2178 L'aflaire
735 2146 803 2178 est
839 2137 1079 2190 rapportee
1111 2145 1209 2178 tout
1235 2150 1292 2178 au
1325 2138 1446 2191 long,
1477 2135 1612 2178 ecrite
1640 2139 1694 2178 de

373 2207 417 2246 13
445 2205 570 2245 main
601 2209 751 2244 meme
781 2205 835 2244 de
876 2204 1046 2244 Robert
1071 2204 1268 2257 Gaguin,
1297 2204 1410 2244 dans
1442 2205 1483 2244 le
1517 2204 1694 2244 ssIe'mo-

374 2273 464 2312 rial
487 2272 542 2312 de
566 2272 610 2311 Ia
635 2271 831 2311 Faculte'
857 2271 912 2311 de
939 2271 1078 2311 Droit
1107 2271 1162 2311 de
1182 2271 1321 2311 Paris
1351 2271 1597 2322 (Arcffivcs,
1623 2271 1691 2323 ΙΙ),

374 2340 427 2379 Τ.
457 2351 494 2386 2,
520 2338 601 2379 fol.
643 2338 719 2390 143
750 2346 794 2377 v⁰
816 2348 858 2378 et
887 2350 982 2389 144.

427 2418 465 2445 2.
495 2405 646 2445 Lettre
665 2405 744 2445 des
763 2417 932 2445 nonces
952 2405 1012 2445 du
1034 2404 1080 2445 31
1106 2404 1279 2456 janvier
1311 2403 1434 2456 1488.
1461 2403 1528 2444 Cf.
1555 2404 1694 2456 infra,

375 2472 639 2525 Appendice
671 2472 724 2522 V,
771 2485 811 2513 1.
860 2472 982 2512 Dans
1027 2473 1067 2512 le
1107 2471 1360 2512 manuscrit
1406 2483 1508 2512 1021
1559 2472 1613 2511 de
1654 2472 1696 2510 13
