1906 2984
267 425 563 471 videbantur
590 426 710 484 (sic),
731 425 862 470 idem
887 441 977 486 pro
1004 426 1119 471 fidei
1146 428 1388 472 ortodoxe
1415 426 1576 486 digni-

266 508 366 543 tate
393 509 441 543 et
467 499 756 544 omnimoda
781 499 1065 545 reverencia
1098 515 1198 545 non
1225 500 1320 545 nisi
1342 500 1393 545 in
1418 499 1578 544 forma

269 571 390 630 juris
442 573 704 631 audiatur;
749 573 957 618 aliarum
1004 589 1121 619 vero
1177 574 1576 631 conclusionum,

270 661 364 706 que
392 647 542 691 dubie
582 648 700 692 item
738 658 785 693 et
823 648 1080 707 ancipites,
1109 647 1257 693 etiam
1288 647 1328 692 si
1353 647 1579 706 philoso-

267 720 383 779 phie
437 720 533 765 sint
574 721 909 767 deservientes
954 732 1001 766 et
1049 721 1210 781 posite
1253 722 1315 767 ad
1355 735 1579 766 connexa

270 794 403 851 fidei,
432 809 491 839 ex
514 794 695 853 quibus
724 794 939 853 plurima
980 796 1042 840 ad
1074 810 1339 840 erroneum
1379 809 1580 839 sensum

269 869 527 915 transferri
550 880 771 928 possent,
799 869 912 914 talis
940 869 1210 914 declaratio
1235 870 1337 926 fiat,
1364 880 1416 914 ut
1445 868 1581 913 nulla

272 959 330 988 ex
355 953 492 1002 parte
523 942 638 987 fidei
665 953 965 1001 repugnent3
993 942 1044 986 in
1077 942 1282 1001 reliquis
1308 953 1578 1001 postremo,

271 1018 321 1062 in
348 1016 529 1075 quibus
552 1015 774 1061 inaudita
805 1015 1134 1060 terminorum
1161 1016 1355 1061 novitas
1378 1016 1582 1060 inducta

272 1101 363 1147 est,
391 1104 593 1148 operam
620 1089 760 1134 dabis
798 1100 852 1134 ut
891 1089 1012 1148 quid
1052 1089 1276 1148 captiosa
1314 1090 1580 1134 verborum

272 1163 529 1222 congeries
553 1162 855 1221 portendant
882 1162 983 1219 (sic)
1010 1162 1212 1221 patefiat
1242 1173 1388 1222 atque
1415 1172 1582 1221 aperte

273 1237 578 1297 explanetur,
603 1250 664 1281 ne
706 1235 826 1294 quid
858 1250 947 1295 per
979 1236 1336 1282 obscuritatem
1379 1235 1430 1280 in
1466 1251 1582 1295 cap-

270 1312 408 1357 tione
459 1309 775 1356 contineatur
821 1320 869 1356 et
919 1309 1172 1356 auditores
1228 1325 1317 1356 sua
1365 1310 1583 1356 vanitate

272 1385 609 1432 involvantur.

332 1461 388 1504 In
413 1458 595 1518 quibus
622 1472 678 1503 ea
704 1458 971 1518 diligencia
1005 1458 1178 1515 utaris,
1206 1469 1261 1504 ut
1298 1457 1584 1517 hujusmodi

274 1532 443 1578 omnia
469 1532 784 1578 declarentur
803 1542 850 1578 et
872 1533 934 1577 ad
960 1532 1264 1578 concordem
1290 1531 1586 1577 relationem

274 1607 602 1662 deducantur,
637 1616 692 1651 ut
736 1605 799 1650 ad
840 1620 1047 1650 examen
1086 1605 1449 1651 venerabilium
1486 1604 1584 1650 fra-

273 1691 403 1725 trum
431 1689 718 1724 nostrorum
746 1690 914 1725 sancte
940 1681 1162 1724 Romane
1190 1679 1397 1725 ecclesie
1429 1678 1584 1724 cardi-

274 1753 463 1799 nalium
524 1767 651 1812 quos
711 1754 772 1798 ad
824 1753 919 1798 hoc
981 1753 1345 1813 deputavimus,
1405 1752 1585 1798 deferri

274 1827 486 1887 possint,
514 1837 567 1872 ut
589 1841 676 1885 per
701 1841 786 1871 eos
812 1827 1134 1885 postmodum
1173 1842 1341 1872 coram
1368 1826 1513 1871 nobis
1535 1826 1586 1871 in

278 1916 420 1946 sacro
474 1900 777 1945 consistorio
830 1900 997 1945 relatis
1041 1911 1287 1960 oportune
1327 1900 1586 1959 providere

273 1974 542 2035 possimus.
574 1976 734 2030 Quam
761 1989 865 2019 rem
889 1975 1121 2019 volumus
1147 1985 1200 2020 ut
1227 1974 1363 2019 omni
1397 1989 1515 2019 cura
1540 1984 1588 2019 et

275 2047 541 2107 diligencia
586 2047 786 2092 studeas
842 2047 1132 2106 adimplere,
1171 2046 1436 2093 contrariis
1484 2062 1586 2092 non

276 2121 592 2167 obstantibus
618 2121 1031 2181 quibuscumque.

334 2197 517 2241 Datum
567 2197 721 2240 Rome
778 2196 910 2254 apud
961 2206 1188 2240 sanctum
1242 2196 1445 2240 Petrum
1493 2195 1585 2238 sub

275 2270 460 2314 annulo
535 2268 824 2326 Piscatoris,
892 2268 971 2314 die
1038 2268 1274 2314 vicesima
1349 2267 1586 2312 februarii

275 2343 326 2387 M
356 2342 526 2387 CCCC
563 2342 888 2400 LXXXVIJ0‚
921 2341 1242 2402 pontificatus
1270 2340 1428 2386 nostri
1455 2355 1586 2386 anno

273 2415 438 2463 tertio.
478 2433 496 2458 »
1556 2449 1560 2452 .

1373 2514 1412 2558 7*
