1906 2984
683 288 952 332 —131—

163 411 404 456 clusionis
431 426 521 457 nec
549 413 738 457 salvare
766 412 886 471 quin
912 410 1102 470 prefata
1125 408 1385 455 conclusio
1413 408 1476 453 sit

163 485 222 529 de
241 485 421 530 virtute
449 485 692 530 sermonis
711 485 851 543 falsa,
871 499 1096 542 erronea,
1119 482 1475 544 supersticiosa

164 568 210 602 et
244 558 480 604 heretica.

222 705 312 750 Die
340 717 514 751 octava
540 706 763 765 ejusdem
789 704 974 750 mensis
1005 703 1194 761 marcii,
1220 703 1473 763 predictus

164 780 465 825 reverendus
513 779 745 824 dominus
790 779 1062 835 Johannes,
1113 777 1378 836 episcopus
1428 787 1475 821 et

163 853 553 910 commissarius,
581 852 631 897 in
650 852 908 912 presencia
933 852 1223 896 eorumdem
1242 850 1474 895 domino-

163 941 272 970 rum
299 928 666 986 deputatorum,
688 926 739 970 in
764 925 954 985 prefato
974 925 1104 981 loco,
1123 924 1244 969 dixit
1271 935 1318 969 et
1340 938 1474 968 asse-

164 1000 261 1045 ruit
301 1000 668 1045 sanctissimum
706 999 978 1044 Dominum
1023 1008 1250 1043 nostrum
1289 999 1475 1056 Papam

165 1073 258 1118 sibi
281 1073 389 1119 vive
414 1073 550 1119 vocis
585 1073 789 1118 oraculo
824 1071 1008 1117 dixisse
1035 1082 1082 1117 et
1119 1070 1473 1126 commississe,

165 1147 298 1205 quod
349 1147 559 1207 amplius
595 1147 645 1190 in
681 1147 904 1192 futurum
947 1160 1049 1190 non
1088 1145 1273 1190 faceret
1307 1143 1476 1189 vocari

162 1220 408 1279 prefatum
469 1220 728 1265 dominum
785 1219 1066 1265 Johannem
1122 1218 1359 1264 comitem
1414 1217 1476 1262 ad

163 1295 556 1353 comparandum
620 1294 740 1353 (sic)
795 1292 846 1338 in
905 1293 1038 1339 dicta
1087 1290 1474 1352 congregatione

163 1382 332 1412 coram
368 1367 555 1413 eisdem
578 1367 806 1413 dominis
840 1366 1107 1427 deputati3‚
1138 1366 1225 1411 sed
1252 1365 1389 1425 quod
1415 1364 1476 1410 ad

161 1440 345 1487 ultiora
368 1442 663 1501 procederet
690 1442 825 1501 juxta
853 1441 1065 1486 formam
1091 1440 1277 1488 brevis,

223 1588 313 1634 Die
342 1589 536 1635 decima
566 1589 789 1649 ejusdem
816 1590 1003 1636 mensis
1037 1588 1227 1646 marcii,
1255 1586 1476 1648 prefatus

163 1665 464 1709 reverendus
509 1664 743 1709 dominus
780 1665 1033 1710 Johannes
1081 1661 1473 1716 commissarius,

164 1750 222 1781 ex
247 1738 502 1783 communi
530 1738 875 1783 declaracione
908 1738 1217 1798 prefatorum
1243 1735 1477 1782 domino-

165 1825 275 1855 rum
314 1812 683 1871 deputatorum,
730 1811 1008 1857 commissit
1055 1810 1223 1868 michi,
1280 1807 1477 1854 notario

162 1883 498 1944 infrascripto,
532 1897 586 1931 ut
622 1885 962 1945 infrascriptas
1001 1900 1086 1930 sex
1125 1883 1476 1930 conclusiones

164 1957 215 2002 in
255 1973 356 2002 uno
390 1958 512 2003 folio
552 1958 756 2018 papireo
785 1959 993 2018 scriptas
1031 1959 1165 2015 dare,
1194 1956 1391 2002 tradere
1430 1965 1477 2000 et

164 2031 415 2091 assignare
472 2033 707 2077 deberem
756 2033 947 2091 prefato
1003 2031 1209 2077 domino
1257 2029 1475 2075 Johanni

164 2105 351 2159 comiti,
380 2106 442 2150 ad
481 2107 888 2165 respondendum
915 2117 962 2152 et
987 2105 1343 2151 declarandum
1367 2118 1476 2148 eas-

164 2179 277 2223 dem
307 2179 494 2225 eisdem
520 2179 733 2225 dominis
769 2179 1115 2226 commissario
1144 2190 1192 2225 et
1225 2176 1475 2237 deputatis

163 2251 506 2312 infrascriptis,
562 2254 657 2310 vel,
711 2252 750 2298 si
799 2253 960 2298 eidem
1007 2252 1209 2298 domino
1258 2249 1476 2297 Johanni

163 2325 334 2371 comiti
357 2325 512 2386 magis
531 2325 767 2386 placeret,
796 2328 857 2372 ad
896 2327 1096 2373 easdem
1126 2324 1476 2371 conclusiones

163 2400 518 2446 declarandum
545 2414 712 2446 coram
731 2401 920 2446 eisdem
946 2400 1162 2446 dominis
1184 2398 1476 2445 commissa-
