1906 2984
901 271 1173 316 —182—

377 393 586 439 disant«
627 394 844 454 principi
881 410 982 440 non
1021 396 1165 441 aliter
1208 398 1570 444 neccessariam
1595 414 1702 446 esse

377 467 680 527 sapienciam
717 484 865 528 quam
894 470 1094 530 corpori
1120 470 1364 529 animam3
1389 473 1701 519 beatissimas

375 540 481 587 fore
508 557 586 587 res
611 543 899 603 publiquas,
929 544 968 589 si
996 545 1196 604 aut(em)
1224 545 1517 606 philozophi
1539 548 1702 593 domi-

374 626 557 661 nentur
583 627 667 662 aut
701 618 876 663 saltem
911 618 996 677 qui
1038 619 1321 678 gubernant
1368 620 1538 666 divina
1578 636 1701 681 qua-

375 689 489 734 dam
527 702 661 736 sorte
701 692 1156 751 philozophantur;
1186 692 1340 738 nichil
1364 693 1497 739 enim
1529 695 1702 754 pestil-

373 763 566 810 lencius
593 780 702 810 esse
725 776 972 825 potestate
996 778 1043 812 et
1066 767 1276 812 audacia
1303 782 1451 827 quam
1475 768 1704 828 ignoran-

374 837 450 882 cia
470 839 880 898 com(m)itetur».
896 841 974 886 Ad
989 855 1043 886 ce
1058 856 1246 901 propos
1267 841 1338 887 dit
1363 842 1639 888 Policrates
1658 843 1703 888 le

372 911 678 973 philozophe
694 932 712 956 «
728 929 823 974 que
840 915 910 960 les
925 915 1232 972 Rommains,
1253 931 1318 961 ou
1338 927 1497 975 temps
1517 917 1577 962 de
1597 917 1704 962 leur

373 987 673 1047 prosperite,
713 989 915 1035 avoient
944 989 991 1034 la
1021 989 1218 1036 science
1251 991 1312 1036 de
1340 991 1609 1051 astrologie
1643 1005 1705 1036 en

376 1059 415 1104 si
458 1060 645 1119 grande
684 1060 982 1106 estimacion
1019 1072 1067 1107 et
1103 1076 1256 1122 usage
1298 1076 1393 1121 que
1437 1077 1499 1106 au
1536 1062 1705 1107 moien

374 1133 584 1192 d'icelle,
611 1134 673 1179 ilz
697 1145 784 1180 ont
808 1134 1060 1180 soubzmis
1088 1150 1148 1181 en
1176 1136 1284 1181 leur
1318 1135 1634 1181 domination
1658 1147 1705 1181 et

373 1208 670 1255 obeissance
710 1209 927 1255 forment
956 1221 1067 1256 tout
1106 1210 1151 1255 le
1196 1210 1449 1255 monde».
1498 1211 1566 1255 Ce
1608 1224 1704 1269 que

373 1282 626 1329 conferme
678 1283 722 1329 le
772 1299 887 1344 sage
937 1285 1135 1330 Chaton
1175 1284 1447 1341 Uticensis,
1495 1284 1662 1330 disant
1689 1298 1699 1328 :

376 1376 394 1400 «
419 1358 636 1418 Maiores
664 1358 822 1404 nostri
850 1374 952 1403 non
977 1370 1079 1404 tarn
1104 1358 1255 1404 armis
1279 1373 1427 1418 quem
1456 1358 1505 1418 (l.
1530 1360 1698 1417 quam)

373 1431 544 1478 celesti
578 1433 850 1492 disciplina
886 1448 964 1478 res
997 1432 1268 1493 publiquas
1304 1447 1363 1478 ex
1398 1432 1564 1492 parvis
1595 1447 1700 1477 ma-

372 1521 495 1565 gnas
539 1506 781 1552 fecerunt.
835 1522 859 1551 »
904 1506 1206 1566 Ausquelles
1255 1506 1434 1552 choses
1485 1507 1697 1551 accorde

373 1595 512 1625 assez
547 1581 678 1626 saint
708 1582 933 1626 Jerosme
961 1595 1021 1626 en
1047 1596 1145 1626 une
1174 1581 1356 1641 epistre
1382 1599 1401 1623 «
1431 1581 1493 1626 ad
1528 1580 1700 1626 Pauli-

373 1668 493 1698 num
522 1672 562 1712 »,
592 1655 757 1701 disant
787 1670 796 1700 :
841 1673 860 1698 «
891 1656 1059 1700 Taceo
1087 1656 1147 1700 de
1189 1655 1492 1715 gramaticis,
1530 1655 1698 1700 retho-

372 1727 504 1786 ricis,
531 1728 870 1789 philozophis,
899 1728 1235 1788 geometricis,
1263 1728 1560 1789 dyalleticis,
1590 1745 1699 1775 mu-

373 1801 506 1858 sicis,
536 1802 820 1862 astrologis,
850 1801 1148 1847 arismeticis
1175 1813 1223 1848 et
1239 1802 1696 1861 medicis,quorum

373 1875 591 1921 sciencia
628 1876 924 1922 mortalibus
963 1877 1083 1922 satis
1116 1877 1192 1922 vel
1236 1876 1505 1922 utilissima
1542 1888 1633 1922 est.
1673 1896 1692 1918 »

374 1951 470 1995 Par
496 1960 663 1996 toutes
702 1951 972 2010 lesquelles
1003 1951 1182 1997 choses
1215 1962 1391 2011 appert
1427 1965 1564 1996 assez
1600 1966 1695 2011 que

371 2025 418 2069 la
454 2024 649 2070 science
677 2026 738 2070 de
767 2025 1036 2086 astrologie
1074 2026 1200 2071 n'est
1223 2041 1312 2085 pas
1346 2025 1542 2070 inutille
1581 2040 1641 2070 ne
1669 2027 1694 2070 a

371 2113 473 2157 ung
496 2098 668 2158 prince
700 2114 760 2144 ne
792 2114 854 2144 en
879 2114 982 2159 ung
1005 2104 1131 2159 pais,
1160 2099 1284 2144 mais
1311 2098 1620 2144 convenable
1648 2111 1695 2144 et

370 2171 530 2217 utille.
569 2173 810 2232 Laquelle
848 2173 1029 2219 utillite
1063 2188 1188 2219 vous
1219 2172 1411 2218 eussiez
1447 2171 1564 2217 bien
1596 2183 1697 2232 peu

369 2246 732 2307 puisnagueres
760 2261 1034 2306 esprouver
1071 2258 1119 2293 et
1150 2248 1423 2292 clerement
1455 2260 1692 2306 apperce-

370 2320 495 2377 voir,
525 2332 681 2380 quant
714 2322 785 2367 les
811 2321 1023 2382 Anglois
1050 2321 1321 2380 vind[rent]
1349 2321 1532 2366 devant
1560 2321 1694 2365 Bou-

371 2394 572 2455 longne,
612 2397 685 2441 s'il
726 2411 851 2441 vous
898 2407 1007 2441 eust
1050 2396 1166 2455 pleu
1210 2395 1445 2456 enquerir
1483 2395 1543 2440 de
1586 2395 1693 2439 leur
