1906 2984
944 272 1216 328 —154-

419 395 682 454 liberaulz,
698 405 745 442 et
767 410 863 456 que
887 395 980 441 elle
1007 410 1035 441 a
1054 396 1155 442 este'
1172 395 1351 456 apri-se,
1367 411 1513 442 sceue
1533 407 1580 442 et
1598 397 1748 457 prati-

421 472 547 530 quee
597 482 644 517 et
685 471 796 517 leue
831 486 923 531 par
955 470 1206 531 plusieurs
1248 471 1382 517 sains
1418 472 1744 532 patriarches,

418 545 716 606 prophetes,
776 560 948 606 papes,
1018 545 1329 603 cardinaulx,
1398 560 1744 606 arcevesques,

421 635 682 679 evesques,
707 634 1013 680 empereurs,
1042 635 1176 680 roys,
1206 620 1349 678 ducz,
1385 630 1576 677 contes,
1616 631 1663 666 et
1686 621 1746 666 de

417 694 671 754 plusieurs
735 706 904 740 autres
973 695 1150 740 nobles
1213 694 1458 752 hommes,
1510 709 1651 755 sages
1700 707 1748 742 et

419 783 595 829 graves
642 784 937 829 personnes‚
984 780 1032 816 et
1086 784 1234 829 grans
1284 770 1537 827 docteurs,
1579 769 1747 829 philo-

419 844 602 903 sophes
648 855 695 890 et
742 844 868 890 clers
915 844 1121 904 jusques
1170 845 1196 889 ἐι
1243 854 1464 904 present,
1516 855 1563 890 et
1612 846 1747 891 aussi

420 918 599 977 qu’elle
635 929 709 964 est
729 933 854 978 pure
892 929 940 964 et
966 933 1068 964 non
1095 934 1186 979 soy
1213 919 1397 979 aydant
1429 918 1644 964 d’aucun
1672 930 1747 965 art

419 992 720 1039 divinatoire
773 1008 834 1039 ne
894 992 1278 1053 supersticieux,
1325 1004 1498 1039 contre
1549 1008 1604 1039 ce
1651 1009 1747 1053 que

418 1067 592 1113 lesdits
619 1068 930 1113 detracteurs
959 1067 1190 1114 envieulx
1209 1083 1293 1113 sur
1312 1067 1456 1113 icelle
1481 1078 1569 1114 ont
1592 1067 1747 1113 voulu

419 1142 542 1187 dire.
581 1142 772 1202 Lequel
815 1141 1102 1188 Elucidaire
1141 1157 1267 1190 vous
1306 1141 1466 1202 plaise
1506 1141 1746 1203 benigne-

419 1228 557 1262 ment
578 1216 820 1274 recevoir,
849 1227 896 1262 et
923 1232 984 1262 en
1010 1228 1251 1263 excusant
1276 1231 1396 1262 mon
1420 1216 1546 1276 petit
1572 1228 1747 1263 enten-

419 1291 638 1348 dement,
667 1290 707 1335 si
735 1291 779 1350 je
815 1291 928 1351 n'ay
961 1306 1050 1351 pas
1074 1306 1164 1351 par
1182 1301 1290 1337 tout
1315 1289 1509 1337 traictie
1536 1305 1597 1336 ne
1623 1306 1684 1336 en
1705 1290 1745 1336 si

419 1364 559 1411 hault
579 1364 710 1410 stille
730 1380 924 1411 comme
944 1365 988 1425 je
1009 1366 1188 1411 deusse
1205 1376 1253 1411 et
1271 1379 1367 1425 que
1382 1364 1497 1410 bien
1513 1365 1747 1410 convien-

419 1438 553 1484 droit
579 1440 605 1483 ὲ
629 1449 797 1484 vostre
821 1439 1096 1485 excellante
1123 1450 1172 1485 et
1196 1450 1295 1486 tres
1320 1439 1561 1497 illustree,
1577 1439 1745 1484 sacre'e

419 1523 468 1558 et
495 1513 682 1572 royalle
701 1513 933 1573 majeste3
954 1524 1001 1559 et
1022 1528 1114 1573 par
1136 1513 1358 1559 maniere
1377 1514 1437 1559 de
1458 1512 1746 1559 recreacion

419 1598 557 1633 entre
585 1602 678 1632 voz
718 1587 887 1645 haulx,
926 1588 1104 1633 nobles
1143 1599 1191 1634 et
1226 1588 1406 1633 ardues
1443 1602 1659 1648 negoces
1699 1598 1748 1633 et

419 1660 635 1718 affaires,
663 1676 724 1707 en
746 1672 953 1721 passant
992 1673 1153 1722 temps
1187 1677 1312 1707 vous
1349 1661 1507 1721 plaise
1539 1662 1582 1707 le
1608 1661 1748 1707 veoir

420 1745 466 1780 et
511 1735 819 1781 considerer.
865 1737 962 1781 Car
1012 1736 1218 1796 j'espere
1276 1751 1372 1796 que
1436 1751 1498 1781 en
1563 1735 1748 1795 icelluy

418 1810 584 1854 verres
622 1810 873 1870 plusieurs
915 1810 1095 1856 choses
1137 1811 1258 1857 dont
1297 1810 1748 1857 l'advertissement

419 1894 466 1929 et
492 1884 891 1944 congnoissance
917 1900 1042 1931 vous
1075 1901 1225 1946 porra
1264 1896 1436 1945 porter
1476 1896 1650 1932 autant
1686 1888 1746 1932 de

419 1957 626 2017 prouffit
669 1974 765 2018 que
807 1959 1115 2019 l’ignorance
1156 1960 1317 2006 moult
1361 1961 1422 2006 de
1464 1961 1744 2020 dommage,

418 2032 569 2092 jacoit
608 2048 663 2078 ce
702 2049 797 2093 que
845 2035 908 2079 ad
947 2049 998 2079 se
1041 2050 1308 2095 composer
1345 2036 1478 2081 riens
1513 2035 1578 2080 du
1614 2035 1747 2080 mien

419 2107 500 2166 n’y
529 2122 590 2167 ay
615 2122 712 2167 peu
735 2123 796 2153 ne
821 2108 934 2167 puis
962 2109 1219 2169 emploier,
1252 2124 1447 2156 comme
1471 2109 1505 2155 il
1532 2109 1627 2155 soit
1650 2125 1746 2168 que

421 2180 465 2240 je
493 2195 554 2225 ne
597 2195 686 2226 use
714 2196 810 2240 que
838 2182 898 2227 de
925 2182 1131 2228 matiere
1173 2194 1219 2229 et
1258 2183 1410 2229 chose
1436 2185 1745 2243 emprunte'e,

418 2264 466 2299 et
501 2269 597 2313 que
641 2254 875 2301 texissiee
925 2271 986 2301 ne
1031 2256 1128 2303 soit
1179 2272 1274 2316 que
1316 2256 1552 2303 d’aultrui
1588 2257 1639 2301 fil
1681 2273 1747 2304 ou

416 2329 589 2388 layne;
633 2343 733 2387 car,
763 2344 957 2376 comme
996 2330 1068 2377 dit
1107 2331 1152 2376 le
1196 2332 1361 2391 Sage:
1403 2349 1423 2374 «
1463 2332 1624 2376 Nemo
1661 2332 1747 2379 dat

417 2404 554 2465 quod
580 2419 683 2450 non
714 2405 866 2452 habet
891 2422 939 2464 »3
968 2422 1097 2467 pour
1125 2423 1277 2469 quoy,
1306 2407 1380 2453 s’il
1412 2423 1443 2468 y
1468 2422 1495 2453 a
1528 2408 1746 2469 quelque
