1906 2984
769 262 1039 307 —183—

245 389 415 435 affaire
441 389 552 449 plus
577 398 736 443 avant,
769 388 902 433 aussi
923 387 1038 432 bien
1064 398 1159 444 que
1178 382 1346 429 feistes
1370 382 1429 427 de
1451 381 1560 426 leur

244 476 555 510 contenance
591 479 652 509 en
686 477 806 520 mer,
847 472 894 507 et
925 461 985 506 de
1021 460 1130 505 leur
1167 459 1416 504 descente.
1461 457 1558 500 Car

241 555 368 586 vous
395 540 464 584 les
494 538 686 584 eussiez
714 536 917 582 trouves
946 534 984 579 si
1009 535 1110 579 tres
1138 532 1431 585 infortune's‚
1464 543 1559 589 que

243 613 290 658 13
325 616 391 658 ou
432 613 466 657 il
497 627 557 657 ne
589 626 714 656 vous
749 620 859 655 eust
890 609 1006 668 pleu
1040 607 1149 652 leur
1181 605 1349 652 courir
1385 619 1485 661 sus,
1514 613 1562 648 et

246 688 317 732 les
373 686 509 732 avoir
562 685 751 742 aincois
795 683 970 728 laisse's
1018 696 1102 726 vm
1152 694 1215 724 011
1265 678 1349 723 dix
1397 678 1558 736 jours,

244 776 358 806 sans
399 760 520 806 faire
562 759 893 819 parlamenter
933 758 960 800 3
1001 754 1130 809 eulx,
1172 751 1211 796 si
1247 751 1373 795 Dieu
1411 750 1471 794 de
1509 763 1561 792 53

241 834 507 892 puissance
565 831 772 876 absolue
820 830 981 874 n’eust
1036 825 1307 872 destourne'
1361 824 1432 868 les
1484 822 1560 866 in-

242 908 489 963 fluences,
557 905 591 950 il
653 905 760 949 leur
828 913 938 948 eust
1010 914 1239 947 convenu
1305 897 1561 943 combatre

246 979 499 1025 ensemble
525 977 627 1022 l’un
654 979 680 1021 3
706 977 879 1021 l'autre
907 985 954 1020 et
979 974 1208 1033 desloge's
1236 974 1262 1017 3
1288 972 1396 1016 leur
1421 981 1564 1030 grant

243 1052 524 1108 confusion,
553 1050 873 1095 deshonneur
899 1058 946 1094 et
979 1048 1186 1108 dangier
1211 1048 1270 1092 de
1290 1046 1423 1091 leurs
1449 1059 1561 1104 per-

245 1140 445 1183 sonnes,
477 1136 525 1171 et
542 1139 604 1169 au
631 1134 773 1183 grant
805 1122 1037 1167 honneur
1058 1132 1105 1168 et
1125 1119 1329 1181 prouffit
1356 1119 1416 1164 de
1438 1133 1562 1163 vous

244 1210 292 1246 et
317 1201 377 1245 de
399 1209 565 1245 vostre
587 1197 861 1257 royaulme.
888 1198 952 1242 Et
970 1210 1086 1242 veez
1109 1195 1174 1253 13,
1200 1195 1325 1251 Sire,
1350 1194 1410 1239 de
1430 1207 1564 1252 quoy

244 1288 369 1320 vous
395 1272 566 1333 povoit
591 1271 746 1318 servir
773 1270 1060 1331 astrologie.
1086 1270 1215 1314 Mais
1243 1267 1358 1313 affin
1379 1267 1439 1312 de
1463 1265 1563 1311 evi-

242 1358 318 1394 ter
342 1347 602 1393 thedieuse
636 1346 886 1406 prolixite'‚
914 1361 973 1406 cy
1009 1360 1071 1391 en
1095 1344 1228 1390 droit
1260 1352 1472 1401 mettray
1495 1340 1564 1384 fin

244 1423 306 1468 ad
328 1437 381 1468 66
399 1422 660 1482 prologue‚
679 1436 803 1466 vous
828 1420 1081 1480 suppliant
1097 1420 1198 1465 tres
1220 1417 1566 1463 humblement

244 1497 536 1554 m’excuser,
571 1495 697 1552 Sire,
733 1509 829 1554 que
863 1495 910 1539 13
943 1494 1008 1539 ou
1051 1494 1094 1553 je
1135 1491 1472 1551 n'escriproye
1507 1505 1566 1550 cy

246 1572 389 1629 apres
428 1571 514 1615 des
541 1570 719 1615 choses
758 1569 798 1614 si
824 1567 1134 1614 haultement
1165 1581 1226 1612 ne
1263 1580 1352 1625 par
1378 1565 1417 1610 si
1445 1565 1564 1609 sub-

243 1644 375 1690 tilles
411 1660 476 1689 ou
503 1645 774 1703 ellegantes
809 1642 1022 1699 raisons,
1043 1654 1238 1687 comme
1261 1638 1378 1684 bien
1412 1637 1566 1682 seroit

250 1717 419 1777 requis
442 1719 469 1762 3
494 1729 659 1764 vostre
685 1718 784 1762 tres
813 1716 982 1761 536166
1008 1715 1239 1775 Μ3ῇ65ῐέ,
1267 1714 1326 1760 (16
1352 1727 1565 1773 suppor-

249 1802 325 1838 ter
344 1803 391 1838 et
409 1792 630 1852 supplier
651 1807 769 1838 mon
786 1793 911 1852 petit
930 1792 1298 1838 entendernent.

308 1866 370 1911 Et
385 1866 565 1911 devant
583 1881 677 1925 que
693 1867 966 1912 descendre
983 1881 1043 1911 au
1058 1866 1322 1926 principal,
1337 1875 1410 1910 est
1426 1878 1567 1924 expe-

248 1939 390 1985 diant
416 1939 539 1985 faire
565 1939 613 1985 13
638 1941 854 1986 division
881 1951 928 1986 et
955 1941 1178 2000 assigner
1202 1940 1382 1985 l’ordre
1408 1949 1455 1984 et
1493 1938 1565 1983 les

245 2013 431 2072 parties
452 2013 512 2058 de
539 2029 593 2059 66
612 2025 809 2074 present
831 2014 1346 2073 ELUC1DA1RE31equel
1372 2014 1415 2072 je
1435 2011 1567 2058 devi-

251 2102 392 2147 seray
405 2103 466 2133 en
482 2087 604 2134 trois
614 2089 935 2149 principalles
949 2088 1150 2148 parties.
1167 2090 1243 2133 En
1261 2088 1307 2132 la
1320 2086 1566 2146 premiere

250 2172 462 2221 mettray
480 2177 672 2208 aucuns
691 2163 777 2208 des
797 2163 1024 2208 hommes
1041 2163 1167 2208 clers
1179 2176 1327 2222 grans
1347 2171 1394 2206 et
1410 2158 1568 2205 excel-

247 2237 355 2282 lans
376 2251 716 2297 personnages
736 2246 844 2282 tant
865 2237 932 2281 du
953 2235 1050 2282 viel
1073 2251 1169 2295 que
1195 2234 1378 2280 nouvel
1396 2235 1568 2279 Testa-

248 2324 398 2371 ment,
448 2311 851 2370 ecclesiastiques
885 2321 933 2357 et
965 2310 1219 2368 seculiers,
1253 2309 1300 2355 la
1341 2308 1567 2368 pluspart

248 2386 545 2446 desquieulx
575 2398 662 2432 ont
697 2385 944 2445 prauique,
973 2385 1060 2430 use
1088 2395 1134 2430 et
1160 2383 1495 2444 experimente
1521 2382 1567 2426 13
