1906 2984
879 356 1149 402 -138—

355 501 446 532 nos
491 495 614 542 acta,
661 484 806 542 facta,
845 483 1114 543 disputata,
1158 482 1350 542 digesta
1390 492 1438 528 et
1480 492 1673 527 matura

355 575 530 606 eorum
557 558 813 604 communi
841 556 1213 604 deliberacione
1240 556 1479 602 conclusa
1505 570 1674 601 coram

354 633 580 694 predicto
605 633 879 678 reverendo
910 633 961 677 in
993 631 1191 677 Christo
1225 641 1365 692 patre
1392 640 1439 676 et
1472 629 1676 675 domino

353 708 582 754 Johanne
610 707 848 768 episcopo
877 717 923 752 et
950 704 1297 751 commissario
1333 703 1521 749 ibidem
1542 742 1667 752 .....

365 820 579 830 ........
608 783 918 842 approbante
946 792 994 827 et
1023 781 1676 838 ................Rome,

356 857 408 902 in
443 856 645 901 Palacio
676 855 978 916 apostolico,
1015 855 1149 914 apud
1178 855 1418 900 Sanctum
1452 855 1693 912 Petrum,·

357 931 409 975 in
450 944 648 975 camera
678 928 880 989 proprie
928 928 1254 975 habitationis
1288 927 1445 989 ipsius
1486 928 1679 974 domini

357 1004 708 1063 commissarii,
748 1019 900 1062 anno,
936 1018 1107 1049 mense
1154 1014 1201 1050 et
1240 1004 1416 1049 diebus
1457 1018 1681 1064 prenun-

356 1078 510 1137 tiatis,
559 1078 879 1138 presentibus
937 1077 1128 1124 eisdem
1183 1077 1419 1123 omnibus
1461 1077 1681 1124 dominis

359 1152 706 1198 commissario
734 1163 782 1199 et
806 1152 1056 1212 deputatis
1092 1151 1331 1212 predictis
1359 1162 1407 1197 et
1433 1166 1510 1197 me
1537 1162 1682 1198 nota-

361 1227 435 1273 rio
457 1227 663 1287 publico
691 1227 1009 1287 infrascripto
1037 1227 1097 1273 de
1123 1227 1381 1288 premissis
1408 1227 1611 1288 rogatis.

422 1302 484 1347 Et
510 1316 601 1362 ego
622 1300 859 1362 Aloysius
879 1302 940 1347 de
962 1301 1253 1361 Campania,
1277 1302 1488 1348 clericus
1510 1301 1686 1348 Saleri-

363 1392 474 1434 nus,
500 1376 768 1422 Januensis
792 1376 1029 1434 diocesis,
1060 1376 1295 1437 publicus
1326 1377 1605 1436 apostolica
1638 1387 1686 1422 et

363 1450 609 1510 imperiali
655 1450 1039 1497 auctoritatibus
1074 1465 1130 1495 ac
1165 1450 1372 1496 Camere
1410 1450 1686 1510 apostolice

364 1525 608 1582 notarius,
638 1525 723 1585 qui
776 1524 1033 1586 premissis
1079 1524 1316 1570 omnibus
1369 1535 1417 1571 et
1457 1525 1685 1585 singulis,

364 1601 485 1646 dum
505 1600 649 1659 (sicut
674 1600 996 1661 premittitur)
1019 1610 1302 1660 agerentur,
1331 1599 1618 1646 dicerentur
1640 1610 1689 1646 et

364 1673 558 1730 fierent,
586 1689 687 1719 una
733 1689 847 1720 cum
891 1673 1094 1734 prefatis
1136 1673 1422 1719 reverendis
1470 1674 1689 1721 dominis

366 1745 714 1792 commissario
763 1758 811 1794 et
855 1746 1105 1808 deputatis
1158 1762 1308 1807 super
1358 1747 1690 1810 infrascriptis

364 1835 572 1881 presens
606 1821 829 1880 interfui,
857 1837 1016 1882 eaque
1051 1822 1122 1868 sic
1149 1822 1258 1868 fieri
1280 1822 1400 1881 vidi,
1437 1823 1605 1870 audivi
1643 1836 1691 1871 et

366 1895 418 1939 in
466 1906 638 1941 notam
681 1896 871 1956 sumpsi
905 1908 954 1943 et
998 1897 1116 1957 quia
1150 1896 1396 1958 premissa
1434 1898 1605 1944 omnia
1643 1911 1691 1946 et

368 1969 563 2029 singula
579 1970 651 2030 (ut
667 1971 984 2031 premittitur)
1003 1971 1272 2033 disputata,
1297 1972 1487 2033 digesta
1509 1984 1555 2019 et
1575 1989 1689 2020 con-

367 2043 522 2102 clusa,
562 2058 652 2103 per
700 2045 853 2090 alium
900 2045 1101 2092 fidelem
1142 2047 1375 2105 scribam,
1415 2048 1525 2094 aliis
1570 2059 1690 2095 tunc

367 2134 444 2165 me
485 2119 747 2180 prepedito
794 2120 1034 2180 negociis,
1078 2121 1263 2182 scripta
1304 2122 1515 2181 confeci,
1551 2134 1599 2169 et
1637 2123 1689 2169 in

368 2194 497 2239 hanc
540 2193 794 2254 publicam
844 2194 1056 2240 formam
1100 2196 1285 2256 redegi,
1336 2196 1580 2257 signoque
1642 2209 1690 2243 et

369 2268 573 2314 nomine
607 2268 730 2314 meis
771 2269 933 2315 solitis
968 2281 1014 2316 et
1048 2270 1303 2318 consuetis
1327 2271 1537 2332 signavi,
1570 2273 1690 2318 sub-

370 2341 546 2401 scripsi
587 2352 634 2387 et
675 2342 946 2401 publicavi,
987 2344 1039 2389 in
1064 2343 1216 2390 fidem
1250 2356 1296 2391 et
1342 2345 1690 2391 testimonium

369 2415 596 2461 omnium
623 2426 672 2462 et
693 2415 1007 2477 singulorum
1031 2417 1394 2479 premissorum
1413 2430 1616 2482 rogatus
1642 2429 1690 2469 et

371 2499 657 2550 requlsltUS.
