1906 2984
881 296 1157 341 —156—

357 424 492 483 quod
517 423 657 468 iussu
682 421 830 482 Regis
856 421 1021 468 dictus
1039 421 1296 468 Johannes
1316 422 1496 469 iterum
1523 424 1681 484 capia-

356 510 437 544 tur
470 509 517 544 et
548 498 777 543 tradatur
802 497 898 557 ipsi
928 496 1147 542 Domino
1186 498 1380 554 Brexie,
1409 498 1680 545 mittendus

356 573 408 618 in
434 572 717 618 custodiam
737 572 799 617 ad
819 582 981 618 castra
1010 586 1114 629 sua,
1136 582 1191 618 ut
1217 571 1409 632 aliquid
1435 588 1494 618 ex
1512 573 1605 618 hac
1630 588 1681 619 re

357 659 460 689 non
488 644 678 703 perdat.
711 643 974 703 Quidquid
1018 654 1187 689 tamen
1226 655 1480 704 sequetur,
1508 644 1680 690 habita

356 719 650 765 nuntiorum
681 718 1077 778 opportunitate,
1107 718 1503 779 significabimus
1534 720 1684 765 Sanc-

355 793 484 840 titati
509 793 687 838 Vestre
696 828 784 838 .....
810 791 1050 851 Parisius,
1073 792 1152 838 die
1178 793 1200 838 3
1226 793 1465 838 februarii
1500 794 1634 852 1488.
1659 812 1678 836 »

460 904 580 944 Bibl.
609 904 878 953 ,Mar-ciana,
914 905 993 944 lat.
1025 904 1110 953 IX,
1151 915 1264 960 129,
1293 904 1370 945 sol.
1413 916 1479 958 19.
1515 904 1683 957 (Lettre

513 971 738 1025 originale
769 983 848 1012 sur
878 972 1070 1024 papier.)

1006 1171 1048 1216 3.

421 1345 520 1373 «....
539 1327 612 1373 De
637 1327 832 1374 Joanne
859 1327 1217 1374 Mirandulano
1241 1327 1390 1375 etiam
1413 1329 1505 1375 hos
1522 1331 1532 1350 ¹
1561 1330 1686 1375 allo-

361 1401 465 1448 cuti
483 1417 656 1447 sumus
679 1417 687 1447 :
710 1412 784 1448 est
803 1402 967 1447 adhuc
1004 1402 1054 1448 in
1081 1413 1245 1449 castro
1272 1404 1493 1450 nemoris
1510 1405 1689 1451 Vicen-

361 1490 596 1533 fiacense,
647 1491 953 1536 quamquam
995 1478 1153 1523 multa
1201 1477 1253 1523 in
1293 1493 1436 1524 suam
1488 1494 1691 1526 excusa-

361 1551 554 1597 tionem
594 1550 744 1609 dicat‚
791 1562 839 1598 et
884 1551 935 1597 in
977 1552 1071 1598 hac
1129 1552 1466 1600 Universitate
1507 1554 1691 1600 iterum

365 1641 416 1672 se
456 1640 539 1671 eas
574 1626 945 1672 Conclusiones
986 1627 1336 1673 abiuraturum
1370 1639 1419 1674 et
1445 1629 1692 1675 decisioni

367 1699 658 1746 Sanctitatis
685 1701 863 1746 Vestre
899 1701 1365 1760 obtemperaturum
1389 1702 1651 1763 promittat
1679 1717 1689 1748 ε

368 1775 432 1820 ad
453 1775 591 1834 quod
618 1774 669 1819 in
702 1774 796 1820 hac
825 1774 1165 1822 Universitate
1192 1787 1239 1822 et
1265 1777 1521 1823 Facultate
1548 1777 1693 1823 theo-

367 1848 521 1909 logie,
569 1848 782 1894 maxime
832 1850 965 1910 apud
1018 1850 1361 1896 confessorem
1406 1851 1598 1912 regium
1648 1863 1695 1899 et

369 1922 642 1968 Dominum
684 1923 1014 1980 Meldensem,
1055 1925 1140 1984 qui
1182 1925 1233 1970 in
1276 1940 1332 1970 ea
1374 1936 1448 1972 est
1479 1926 1694 1972 maxime

370 1996 703 2054 auctoritatiS,
728 2012 819 2042 nos
844 2009 1128 2057 opportune
1151 1999 1481 2058 providimus,
1511 2001 1697 2061 signifi-

370 2083 539 2117 cantes
590 2072 728 2130 quod
783 2071 947 2131 agitur
995 2073 1055 2118 de
1121 2074 1339 2134 relapsu,
1394 2086 1546 2134 prout
1600 2075 1696 2135 ipsi

371 2145 560 2203 optime
625 2160 974 2207 perceperunt.
1039 2150 1177 2194 Idem
1224 2162 1391 2196 tamen
1449 2152 1696 2198 Dominus

373 2221 736 2281 Cancellarius,
764 2234 812 2269 et
838 2223 920 2268 alii
963 2224 1049 2284 qui
1075 2223 1220 2271 nobis
1254 2224 1437 2284 favent,
1473 2225 1698 2272 iudicant

432 2377 468 2405 1.
495 2364 557 2405 Le
587 2364 849 2408 chancelier
873 2368 1140 2410 Guillaume
1166 2369 1221 2409 de
1250 2368 1498 2409 Rochefort
1521 2377 1564 2410 et
1593 2371 1697 2411 l'ar-

373 2431 608 2486 cheveque
634 2433 689 2474 de
712 2433 966 2488 Bordeaux‚
996 2434 1150 2479 Andre
1175 2436 1436 2492 d'Espinay.
