1906 2984
732 331 1001 390 -139—

266 457 371 516 Ego
424 457 679 503 Johannes
722 457 1075 513 Tornacensis,
1124 457 1513 523 commissarius,

205 529 406 576 interfui
433 532 664 577 omnibus
691 530 1058 591 suprascriptis.

267 605 372 664 Ego
427 607 621 663 Petrus,
668 605 932 665 episcopus
972 605 1274 664 Usselensis,
1313 595 1516 666 prefatis

209 681 277 738 (ut
322 679 582 738 prefertur)
632 679 852 735 interfui,
910 678 1188 724 examinavi
1240 695 1351 724 cum
1408 680 1517 726 aliis

205 753 489 798 reverendis
530 753 757 812 patribus
786 762 832 798 et
858 752 1103 813 magistris
1131 752 1379 812 deputatis
1403 769 1516 799 sen-

206 826 281 871 sui
324 838 371 872 et
418 826 745 872 determinavi
783 837 830 872 et
869 826 920 870 in
960 826 1112 871 fidem
1154 826 1517 886 premissorum

208 914 317 944 mea
341 900 545 959 propria
571 915 719 944 manu
746 914 823 944 me
859 898 1149 958 subscripsi.

265 974 369 1033 Ego
385 973 532 1019 frater
551 973 847 1018 Franciscus
869 973 1081 1030 Sanson,
1096 973 1341 1033 generalis
1356 974 1518 1018 Mino-

203 1063 313 1093 rum
346 1047 598 1107 indignus,
629 1056 684 1092 ut
720 1061 870 1106 supra
910 1045 1101 1091 affirmo
1130 1058 1177 1093 et
1201 1046 1252 1091 in
1286 1047 1515 1093 testimo-

203 1121 341 1166 nium
382 1119 744 1180 premissorum
787 1134 896 1165 mea
949 1119 1154 1180 propria
1197 1136 1348 1166 manu
1397 1123 1517 1168 sub-

204 1195 396 1255 scripsi.

262 1273 367 1330 Ego
385 1269 669 1316 Anthonius
689 1269 880 1327 Flores,
897 1268 1157 1329 utriusque
1175 1270 1298 1330 juris
1319 1271 1515 1333 doctor,

203 1344 504 1391 sanctissimi
537 1343 739 1388 Domini
773 1343 930 1388 nostri
966 1345 1099 1403 Pape
1132 1343 1514 1406 referendarius,

201 1419 252 1464 in
278 1418 373 1463 hiis
412 1432 507 1477 que
533 1417 818 1463 facultatem
851 1417 972 1476 juris
1007 1429 1318 1465 concernunt
1353 1434 1516 1467 assen-

202 1493 297 1550 cio,
327 1501 374 1538 et
396 1491 598 1552 propria
623 1506 774 1536 manu
802 1490 1082 1536 subscribo.

261 1567 366 1625 Ego
392 1565 542 1611 frater
569 1566 730 1610 Lucas
750 1565 809 1610 de
838 1565 1099 1625 Fulgine0‚
1120 1566 1311 1613 ordinis
1335 1568 1516 1615 Servo-

200 1655 310 1686 rum
332 1650 500 1685 sancte
520 1639 694 1697 Marie,
724 1639 926 1684 Domini
952 1640 1110 1686 nostri
1135 1642 1267 1701 Pape
1288 1643 1516 1702 peniten-

201 1714 400 1772 ciarius,
413 1724 467 1759 ut
483 1728 632 1773 supra
649 1713 812 1772 firm03
829 1713 879 1758 in
895 1714 1035 1774 cujus
1051 1714 1200 1761 fidem
1219 1730 1296 1761 me
1314 1717 1518 1778 propria

202 1803 353 1833 manu
381 1787 671 1847 subscripsi.

261 1863 325 1907 Et
350 1876 440 1921 ego
467 1861 702 1921 magister
727 1861 1024 1908 Franciscus
1050 1862 1110 1908 de
1131 1863 1326 1910 Murcia
1352 1880 1517 1912 assen-

202 1936 307 1982 cior
333 1935 567 1980 omnibus
591 1936 957 1996 suprascriptis.

262 2010 368 2069 Ego
416 2009 567 2055 frater
616 2010 837 2068 Baptista
888 2011 1168 2072 Signorius,
1216 2013 1513 2074 Genuensis‚

199 2093 498 2145 procurator
520 2083 710 2129 ordinis
736 2084 943 2131 fratrum
963 2086 1332 2133 Heremitarum
1359 2090 1515 2136 sancti

199 2157 483 2217 Augustini,
523 2157 861 2218 suprascripta
902 2159 1164 2218 confirmo,
1204 2172 1251 2208 et
1277 2161 1329 2207 in
1365 2161 1515 2210 fidem

200 2247 277 2277 me
302 2232 504 2292 propria
529 2247 679 2277 manu
713 2233 1004 2294 subscripsi.

259 2307 366 2366 Ego
391 2306 541 2352 frater
566 2306 907 2353 Christoforus
940 2309 1001 2354 de
1027 2309 1358 2369 Castronov0‚
1383 2312 1516 2358 ordi-

202 2379 278 2424 nis
299 2379 571 2437 Minorum,
590 2381 925 2441 suprascripta
944 2383 1207 2442 confirmo,
1229 2395 1276 2432 et
1296 2385 1348 2432 in
1366 2386 1516 2433 fidem

201 2467 279 2499 me
304 2454 508 2514 propria
533 2469 683 2501 manu
711 2455 1001 2517 subscripsi.
