1906 2984
757 274 1026 330 ,145-

231 411 357 455 quos
398 397 460 442 ad
500 399 590 444 hec
634 399 1067 458 deputaveramus,
1104 398 1274 443 referri
1311 408 1543 458 possent;

232 480 278 514 et
311 469 438 516 facta
475 472 621 517 nobis
658 487 745 532 per
781 473 983 517 eosdem
1010 472 1286 517 cardinales
1321 471 1371 517 in
1403 485 1544 516 sacro

232 544 532 590 consistorio
582 546 823 591 relatione
885 557 1167 605 opportuna
1218 560 1365 605 super
1414 544 1511 590 illis
1532 579 1543 600 ,

224 630 380 677 >prout
410 634 486 663 res
516 619 760 679 exigebat,
787 619 1050 679 providere
1090 634 1370 678 possemus,
1398 628 1548 676 prout

232 692 283 736 in
310 692 430 752 ipsis
458 694 634 739 litteris
661 694 857 752 plenius
884 694 1184 739 continetur.
1208 694 1335 738 Cum
1362 703 1544 747 autem,

232 766 359 811 sicut
413 767 720 826 accepimus,
770 767 900 812 idern
949 767 1203 812 Johannes
1240 767 1412 823 Picus,
1462 764 1546 824 qui

232 855 259 885 a
301 851 350 885 te
398 855 497 885 una
538 856 650 886 cum
692 841 835 886 dictis
885 841 1132 900 episcopis
1174 852 1221 886 et
1255 841 1549 899 professori-

231 914 323 958 bus
366 914 530 973 sepius
562 914 761 959 auditus
799 913 908 971 fuit,
936 914 1223 973 provisione
1252 926 1299 960 et
1326 915 1548 960 declara—

231 987 372 1032 cione
399 999 568 1033 nostra
595 1002 695 1032 non
723 998 1165 1046 exspectata,nova
1193 988 1375 1047 scripta
1402 1003 1551 1048 super

230 1061 517 1121 hujusmodi
531 1060 855 1106 conclusione
871 1061 972 1119 (sic)
989 1061 1265 1106 assertione
1284 1061 1548 1119 addiderit,

235 1150 391 1194 eaque
416 1150 443 1180 a
461 1134 717 1179 nonnullis
738 1149 875 1180 sacre
900 1135 1153 1194 theologie
1178 1135 1550 1194 professoribus

232 1223 410 1269 parum
444 1208 773 1253 consideratis
816 1208 1064 1253 subscribi
1090 1208 1289 1266 fecerit3
1329 1224 1439 1267 nos,
1465 1208 1549 1267 qui

234 1297 293 1327 ex
339 1280 602 1340 pastoralis
656 1280 807 1325 officii
865 1281 1145 1327 ministerio
1198 1282 1334 1327 omni
1382 1284 1549 1329 studio

233 1369 407 1401 curare
450 1355 690 1399 debemus
732 1365 786 1400 ut
818 1354 934 1400 fidei
961 1355 1204 1401 catholice
1229 1355 1419 1415 puritas
1444 1371 1554 1416 pre-

236 1439 459 1475 servetur
490 1439 537 1474 et
563 1428 713 1473 nullis
741 1428 1153 1489 ambiguitatibus
1180 1440 1264 1475 aut
1298 1430 1552 1476 erroribus

231 1502 530 1559 involvatur,
546 1502 662 1548 huic
685 1501 754 1547 rei
770 1514 1051 1562 opportune
1071 1518 1333 1549 occurrere
1353 1504 1553 1564 cupien-

231 1588 322 1634 teS,
348 1575 643 1622 fraternitati
661 1587 839 1634 vestre,
855 1578 915 1622 de
940 1592 1152 1636 quarum
1172 1578 1419 1636 doctrina,
1443 1593 1554 1638 pro-

235 1649 388 1694 bitate
441 1660 488 1694 et
531 1649 770 1709 singulari
830 1650 1096 1709 prudentia
1156 1652 1447 1711 precipuam
1501 1652 1553 1696 in

235 1722 451 1767 Domino
478 1721 713 1768 fiduciam
741 1723 1046 1782 obtinemus,
1074 1725 1429 1771 committimus
1465 1739 1554 1785 per

233 1807 507 1857 presentes,
532 1807 585 1841 ut
620 1811 768 1856 super
797 1797 1085 1856 hujusmodi
1120 1798 1316 1858 scriptis
1350 1810 1397 1845 et
1434 1800 1553 1844 sub-

237 1870 509 1929 scriptione
537 1870 824 1931 diligentius
851 1871 1171 1932 inquirendo,
1195 1873 1397 1932 illaque,
1419 1873 1555 1919 adhi-

236 1943 352 1988 bitis
401 1944 651 2004 episcopis
697 1956 744 1991 et
784 1946 1155 2005 professoribus
1202 1962 1289 2007 per
1336 1962 1450 2004 nos,
1500 1958 1554 1992 ut

235 2017 498 2077 prefertur,
530 2018 795 2078 deputatis,
817 2019 1133 2065 discutiendo
1160 2032 1335 2066 contra
1361 2032 1553 2067 actores

237 2101 284 2135 et
325 2091 691 2151 subscriptores
741 2092 1039 2152 scriptorum
1083 2093 1371 2152 hujusmodi
1417 2110 1553 2140 more

238 2163 596 2224 inquisitorum
623 2166 839 2212 heretice
865 2167 1121 2226 pravitatis
1150 2169 1288 2227 (tales
1316 2169 1446 2214 enim
1469 2185 1554 2215 vos

235 2237 285 2281 in
313 2239 404 2284 hac
436 2254 587 2284 causa
630 2254 737 2285 esse
775 2241 1022 2301 volumus)
1050 2242 1350 2301 procedatis,
1379 2243 1554 2288 dantes

233 2312 377 2358 vobis
396 2313 596 2372 plenam
617 2313 912 2360 auctoritate
933 2315 1242 2374 presentium
1268 2316 1554 2362 facultatem

234 2385 437 2446 citandi,
484 2387 714 2448 capiendi
753 2398 801 2436 et
840 2389 1129 2435 carcerandi
1174 2401 1555 2449 carceratosque

1355 2505 1377 2541 9
