1906 2984
776 301 1011 358 „43-

238 426 456 491 certain,
488 441 698 476 comme
739 425 790 477 la
816 426 1050 494 plupart‚
1079 426 1242 490 aussi,
1283 427 1375 478 des
1412 427 1544 478 doc-

236 521 398 571 teum,
439 508 794 575 catholiques⁷
836 525 938 575 que
989 524 1256 575 personne
1304 525 1368 558 ne
1417 522 1544 576 peut

237 590 407 640 croire
436 591 498 639 de
523 607 622 640 son
661 590 795 640 libre
832 589 1025 640 arbitre
1053 590 1066 609 ¹
1076 630 1195 640 ......
1224 611 1245 634 »
1290 591 1438 641 Dans
1468 608 1543 641 un

233 685 381 721 autre
408 687 629 738 passage
658 672 728 720 du
758 674 931 720 meme
959 687 1211 736 ouvrage,
1235 671 1414 721 relatif
1433 672 1462 721 a
1488 688 1544 722 sa

232 751 495 818 premiere
523 751 867 818 proposition
908 768 997 800 sur
1023 751 1074 800 la
1107 751 1355 800 descente
1383 751 1542 801 reelle

233 834 304 883 du
333 832 517 883 Christ
545 849 610 882 en
639 832 823 896 Enfer,
853 831 891 880 il
918 831 1190 897 temoigne
1217 833 1280 881 de
1316 848 1371 882 sa
1397 833 1544 882 defe-

232 931 388 964 rence
427 930 564 980 pour
601 911 951 963 l'Universite
989 912 1052 961 de
1085 911 1234 961 Paris
1259 912 1290 973 ²,
1331 926 1380 963 et
1420 916 1544 965 c’est

231 1007 371 1045 tout.
419 996 568 1045 Dans
612 1010 711 1044 son
755 992 906 1043 traite
949 1005 1134 1042 contre
1170 984 1538 1062 l'Astissologz'e,

230 1077 269 1126 il
316 1076 461 1143 parle
504 1076 567 1125 de
607 1074 886 1124 l’hostilite
933 1091 1037 1140 que
1085 1087 1373 1125 rencontra
1410 1089 1542 1127 cette

233 1158 524 1228 pretendue
568 1156 776 1206 science
819 1172 886 1205 au
931 1155 1046 1205 sein
1089 1155 1153 1204 de
1190 1155 1541 1208 l'Universite

234 1240 536 1309 parisienne
563 1237 596 1288 ³.

293 1323 425 1374 Vers
459 1320 510 1370 la
550 1318 625 1369 fin
661 1318 734 1369 du
771 1316 912 1369 mois
938 1317 1002 1368 (16
1033 1333 1176 1369 mars
1203 1334 1274 1369 ou
1301 1335 1368 1370 au
1395 1336 1543 1372 com-

284 1549 319 1577 1.
346 1534 567 1588 Apologia
598 1532 668 1586 (de
693 1532 899 1574 libertate
924 1531 1166 1584 credendi),
1202 1531 1308 1574 edit.
1333 1534 1388 1575 de
1417 1535 1540 1587 Βέ116,

233 1603 356 1656 1557,
377 1616 419 1656 p.
454 1601 560 1653 2253
588 1609 717 1643 autre
743 1600 958 1651 allusion,
980 1599 1031 1639 In
1056 1599 1376 1652 Astrologiam,
1405 1601 1483 1642 lib.
1509 1602 1541 1652 Ι,

226 1683 268 1723 p.
291 1682 393 1722 417.
840 1726 847 1732 ·

278 1741 322 1769 2.
356 1742 460 1770 «.....
485 1739 780 1768 communem
807 1739 929 1767 viam
947 1727 1268 1784 theologorum
1288 1734 1540 1786 appellans,

227 1808 328 1848 quae
347 1794 652 1835 communiter
669 1805 790 1833 nunc
812 1800 990 1835 tenetur
1004 1796 1190 1837 Parisiis
1211 1799 1291 1839 ubi
1315 1801 1541 1853 praecipue

224 1863 344 1916 viget
383 1861 589 1902 studium
632 1860 870 1914 theologiae
907 1874 915 1901 :
958 1862 1020 1902 ibi
1054 1872 1210 1905 autem
1248 1866 1340 1907 fere
1381 1881 1540 1908 omnes

226 1929 444 1970 incedunt
478 1928 524 1967 in
552 1927 638 1967 ista
674 1927 866 1967 materia
891 1928 945 1968 de
975 1932 1345 1981 praesentialitate
1376 1934 1539 1977 animae

226 1996 280 2035 ad
299 1995 452 2035 locum
470 2006 573 2034 cum
591 1993 795 2033 Scotistis
814 2001 856 2033 et
873 1994 1208 2048 Nominalibus,
1228 2006 1270 2039 et
1295 2012 1392 2052 ego,
1408 2013 1542 2054 prop-

226 2068 292 2100 ter
314 2059 398 2099 hoc
418 2060 584 2110 solum,
612 2060 656 2099 id
682 2067 749 2099 est
770 2068 955 2113 propter
983 2065 1285 2104 reverentiam
1308 2066 1540 2107 Universi—

226 2126 329 2166 tatis
355 2126 641 2175 Parisiensis,
675 2127 801 2168 nolui
828 2140 997 2180 ponere
1026 2129 1144 2170 hanc
1169 2143 1321 2171 meam
1356 2133 1536 2185 opinio-

226 2203 331 2231 nem
357 2192 443 2231 nisi
476 2199 697 2244 tanquam
719 2193 1006 2245 probabilem
1030 2196 1169 2236 etiam
1191 2198 1316 2249 quod
1336 2198 1538 2239 viderem

226 2259 369 2298 nostri
409 2259 627 2310 temporis
669 2259 931 2312 philosophi
966 2261 1173 2314 plerique
1209 2275 1368 2303 omnes
1398 2272 1537 2305 utun-

227 2333 314 2365 tur.
347 2338 366 2362 »
385 2325 433 2364 P.
465 2323 518 2365 63
552 2325 767 2377 (allusion
797 2338 885 2367 aux
911 2326 1121 2368 docteurs
1147 2329 1388 2382 parisiens,
1416 2331 1535 2383 Apo-

226 2391 364 2443 logia,
389 2404 463 2444 pp.
486 2404 579 2446 129,
609 2391 719 2444 130).

280 2454 318 2497 3.
338 2456 388 2496 In
416 2457 738 2510 Astrologiam,
766 2458 839 2498 lib.
866 2459 961 2510 XII,
983 2473 1024 2512 p.
1056 2460 1155 2513 730.
