<?xml version="1.0" encoding="UTF-8"?>
<!DOCTYPE html PUBLIC "-//W3C//DTD XHTML 1.0 Transitional//EN"
    "http://www.w3.org/TR/xhtml1/DTD/xhtml1-transitional.dtd">
<html xmlns="http://www.w3.org/1999/xhtml" xml:lang="en" lang="en">
 <head>
  <title>
</title>
<meta http-equiv="Content-Type" content="text/html;charset=utf-8" />
  <meta name='ocr-system' content='tesseract 3.04.00' />
  <meta name='ocr-capabilities' content='ocr_page ocr_carea ocr_par ocr_line ocrx_word'/>
</head>
<body>
  <div class='ocr_page' id='page_1' title='image "./picdelamirandole00dore_0166.png"; bbox 0 0 1906 2984; ppageno 0'>
   <div class='ocr_carea' id='block_1_1' title="bbox 874 283 1146 327">
    <p class='ocr_par' dir='ltr' id='par_1_1' title="bbox 874 283 1146 327">
     <span class='ocr_line' id='line_1_1' title="bbox 874 283 1146 327; baseline 0.004 -1"><span class='ocrx_word' id='word_1_1' title='bbox 874 283 1146 327; x_wconf 79' lang='lat'>-158—</span> 
     </span>
    </p>
   </div>
   <div class='ocr_carea' id='block_1_2' title="bbox 335 409 1716 2482">
    <p class='ocr_par' dir='ltr' id='par_1_2' title="bbox 335 409 1716 2482">
     <span class='ocr_line' id='line_1_2' title="bbox 340 409 1669 471; baseline -0.001 -15"><span class='ocrx_word' id='word_1_2' title='bbox 340 411 425 471; x_wconf 89' lang='lat' dir='ltr'>qui</span> <span class='ocrx_word' id='word_1_3' title='bbox 453 411 755 471; x_wconf 84' lang='lat' dir='ltr'>gubernant,</span> <span class='ocrx_word' id='word_1_4' title='bbox 785 409 1121 454; x_wconf 88' lang='lat' dir='ltr'>maximorum</span> <span class='ocrx_word' id='word_1_5' title='bbox 1153 409 1440 469; x_wconf 89' lang='lat' dir='ltr'><strong>principum</strong></span> <span class='ocrx_word' id='word_1_6' title='bbox 1466 420 1514 456; x_wconf 92' lang='lat' dir='ltr'>et</span> <span class='ocrx_word' id='word_1_7' title='bbox 1540 411 1669 455; x_wconf 91' lang='lat' dir='ltr'>mul-</span> 
     </span>
     <span class='ocr_line' id='line_1_3' title="bbox 337 482 1668 531; baseline -0.001 -1"><span class='ocrx_word' id='word_1_8' title='bbox 337 496 505 531; x_wconf 91' lang='lat' dir='ltr'>torum</span> <span class='ocrx_word' id='word_1_9' title='bbox 532 484 799 529; x_wconf 91' lang='lat' dir='ltr'>doctorum</span> <span class='ocrx_word' id='word_1_10' title='bbox 832 483 1057 528; x_wconf 89' lang='lat' dir='ltr'>virorum</span> <span class='ocrx_word' id='word_1_11' title='bbox 1080 482 1506 530; x_wconf 83' lang='lat' dir='ltr'>intercedentium</span> <span class='ocrx_word' id='word_1_12' title='bbox 1528 484 1668 530; x_wconf 88' lang='lat' dir='ltr'>solli-</span> 
     </span>
     <span class='ocr_line' id='line_1_4' title="bbox 338 556 1670 618; baseline 0.001 -14"><span class='ocrx_word' id='word_1_13' title='bbox 338 558 562 605; x_wconf 90' lang='lat' dir='ltr'>citudine</span> <span class='ocrx_word' id='word_1_14' title='bbox 584 569 630 604; x_wconf 93' lang='lat' dir='ltr'>et</span> <span class='ocrx_word' id='word_1_15' title='bbox 649 557 807 618; x_wconf 92' lang='lat' dir='ltr'>ipsius</span> <span class='ocrx_word' id='word_1_16' title='bbox 826 557 1036 603; x_wconf 89' lang='lat' dir='ltr'>Joannis</span> <span class='ocrx_word' id='word_1_17' title='bbox 1057 556 1341 604; x_wconf 90' lang='lat' dir='ltr'>humilitate</span> <span class='ocrx_word' id='word_1_18' title='bbox 1361 557 1498 614; x_wconf 91' lang='lat' dir='ltr'>moti,</span> <span class='ocrx_word' id='word_1_19' title='bbox 1513 559 1598 618; x_wconf 92' lang='lat' dir='ltr'>qui</span> <span class='ocrx_word' id='word_1_20' title='bbox 1619 575 1670 605; x_wconf 93' lang='lat' dir='ltr'>se</span> 
     </span>
     <span class='ocr_line' id='line_1_5' title="bbox 336 632 1672 679; baseline 0 0"><span class='ocrx_word' id='word_1_21' title='bbox 336 633 462 679; x_wconf 89' lang='lat' dir='ltr'>velle</span> <span class='ocrx_word' id='word_1_22' title='bbox 489 648 598 678; x_wconf 89' lang='lat' dir='ltr'>esse</span> <span class='ocrx_word' id='word_1_23' title='bbox 620 634 811 678; x_wconf 92' lang='lat' dir='ltr'>bonum</span> <span class='ocrx_word' id='word_1_24' title='bbox 833 644 880 678; x_wconf 93' lang='lat' dir='ltr'>et</span> <span class='ocrx_word' id='word_1_25' title='bbox 894 632 1098 677; x_wconf 87' lang='lat' dir='ltr'>fidelem</span> <span class='ocrx_word' id='word_1_26' title='bbox 1116 632 1414 678; x_wconf 85' lang='lat' dir='ltr'>servitorem</span> <span class='ocrx_word' id='word_1_27' title='bbox 1432 633 1672 679; x_wconf 86' lang='lat' dir='ltr'>Sanctita-</span> 
     </span>
     <span class='ocr_line' id='line_1_6' title="bbox 335 706 1671 766; baseline -0.001 -12"><span class='ocrx_word' id='word_1_28' title='bbox 335 709 398 755; x_wconf 87' lang='lat' dir='ltr'>tis</span> <span class='ocrx_word' id='word_1_29' title='bbox 431 708 626 763; x_wconf 90' lang='lat' dir='ltr'>Vestre,</span> <span class='ocrx_word' id='word_1_30' title='bbox 657 718 705 752; x_wconf 92' lang='lat' dir='ltr'>et</span> <span class='ocrx_word' id='word_1_31' title='bbox 731 721 1053 766; x_wconf 85' lang='lat' dir='ltr'>quecumque</span> <span class='ocrx_word' id='word_1_32' title='bbox 1080 721 1138 752; x_wconf 90' lang='lat' dir='ltr'>ea</span> <span class='ocrx_word' id='word_1_33' title='bbox 1173 706 1476 753; x_wconf 88' lang='lat' dir='ltr'>diffiniverat</span> <span class='ocrx_word' id='word_1_34' title='bbox 1506 719 1554 754; x_wconf 93' lang='lat' dir='ltr'>et</span> <span class='ocrx_word' id='word_1_35' title='bbox 1572 719 1671 754; x_wconf 85' lang='lat' dir='ltr'>sta-</span> 
     </span>
     <span class='ocr_line' id='line_1_7' title="bbox 337 781 1675 841; baseline -0.001 -12"><span class='ocrx_word' id='word_1_36' title='bbox 337 788 502 829; x_wconf 80' lang='lat' dir='ltr'>tuerat</span> <span class='ocrx_word' id='word_1_37' title='bbox 539 782 927 827; x_wconf 89' lang='lat' dir='ltr'>observaturum</span> <span class='ocrx_word' id='word_1_38' title='bbox 960 781 1302 841; x_wconf 84' lang='lat' dir='ltr'>promittebat,</span> <span class='ocrx_word' id='word_1_39' title='bbox 1347 781 1675 828; x_wconf 85' lang='lat' dir='ltr'>decreverant</span> 
     </span>
     <span class='ocr_line' id='line_1_8' title="bbox 337 855 1672 916; baseline -0.001 -14"><span class='ocrx_word' id='word_1_40' title='bbox 337 872 452 903; x_wconf 91' lang='lat' dir='ltr'>eum</span> <span class='ocrx_word' id='word_1_41' title='bbox 495 856 690 902; x_wconf 89' lang='lat' dir='ltr'>mittere</span> <span class='ocrx_word' id='word_1_42' title='bbox 740 867 879 901; x_wconf 87' lang='lat' dir='ltr'>extra</span> <span class='ocrx_word' id='word_1_43' title='bbox 912 870 1122 916; x_wconf 83' lang='lat' dir='ltr'>regnum</span> <span class='ocrx_word' id='word_1_44' title='bbox 1155 871 1270 901; x_wconf 92' lang='lat' dir='ltr'>cum</span> <span class='ocrx_word' id='word_1_45' title='bbox 1309 855 1488 902; x_wconf 88' lang='lat' dir='ltr'>litteris</span> <span class='ocrx_word' id='word_1_46' title='bbox 1521 855 1672 916; x_wconf 83' lang='lat' dir='ltr'>regiis</span> 
     </span>
     <span class='ocr_line' id='line_1_9' title="bbox 337 930 1716 990; baseline -0.002 -12"><span class='ocrx_word' id='word_1_47' title='bbox 337 933 389 978; x_wconf 90' lang='lat' dir='ltr'>in</span> <span class='ocrx_word' id='word_1_48' title='bbox 415 931 491 977; x_wconf 89' lang='lat' dir='ltr'>sui</span> <span class='ocrx_word' id='word_1_49' title='bbox 515 931 740 976; x_wconf 87' lang='lat' dir='ltr'>favorem</span> <span class='ocrx_word' id='word_1_50' title='bbox 758 931 821 976; x_wconf 91' lang='lat' dir='ltr'>ad</span> <span class='ocrx_word' id='word_1_51' title='bbox 850 930 1440 988; x_wconf 85' lang='lat' dir='ltr'>SanctitatemVestram,</span> <span class='ocrx_word' id='word_1_52' title='bbox 1460 945 1551 990; x_wconf 87' lang='lat' dir='ltr'>pro</span> <span class='ocrx_word' id='word_1_53' title='bbox 1580 931 1673 976; x_wconf 93' lang='lat' dir='ltr'>im-</span> <span class='ocrx_word' id='word_1_54' title='bbox 1712 952 1716 962; x_wconf 63' lang='lat'>2</span> 
     </span>
     <span class='ocr_line' id='line_1_10' title="bbox 338 1004 1674 1067; baseline -0.001 -15"><span class='ocrx_word' id='word_1_55' title='bbox 338 1006 586 1067; x_wconf 86' lang='lat' dir='ltr'>petranda</span> <span class='ocrx_word' id='word_1_56' title='bbox 619 1006 680 1050; x_wconf 91' lang='lat' dir='ltr'>ab</span> <span class='ocrx_word' id='word_1_57' title='bbox 710 1007 783 1050; x_wconf 87' lang='lat' dir='ltr'>Ea</span> <span class='ocrx_word' id='word_1_58' title='bbox 817 1004 980 1062; x_wconf 90' lang='lat' dir='ltr'>venia,</span> <span class='ocrx_word' id='word_1_59' title='bbox 1007 1005 1154 1050; x_wconf 91' lang='lat' dir='ltr'>nobis</span> <span class='ocrx_word' id='word_1_60' title='bbox 1191 1005 1341 1050; x_wconf 92' lang='lat' dir='ltr'>etiam</span> <span class='ocrx_word' id='word_1_61' title='bbox 1377 1020 1480 1050; x_wconf 91' lang='lat' dir='ltr'>non</span> <span class='ocrx_word' id='word_1_62' title='bbox 1516 1006 1674 1051; x_wconf 90' lang='lat' dir='ltr'>recla—</span> 
     </span>
     <span class='ocr_line' id='line_1_11' title="bbox 342 1078 1675 1136; baseline -0.001 -10"><span class='ocrx_word' id='word_1_63' title='bbox 342 1080 616 1136; x_wconf 84' lang='lat' dir='ltr'>mantibus,</span> <span class='ocrx_word' id='word_1_64' title='bbox 654 1094 769 1125; x_wconf 89' lang='lat' dir='ltr'>cum</span> <span class='ocrx_word' id='word_1_65' title='bbox 804 1078 1144 1124; x_wconf 90' lang='lat' dir='ltr'>iudicaremus</span> <span class='ocrx_word' id='word_1_66' title='bbox 1178 1094 1281 1124; x_wconf 90' lang='lat' dir='ltr'>non</span> <span class='ocrx_word' id='word_1_67' title='bbox 1318 1080 1445 1125; x_wconf 91' lang='lat' dir='ltr'>bene</span> <span class='ocrx_word' id='word_1_68' title='bbox 1477 1094 1592 1125; x_wconf 90' lang='lat' dir='ltr'>eum</span> <span class='ocrx_word' id='word_1_69' title='bbox 1624 1079 1675 1125; x_wconf 91' lang='lat' dir='ltr'>in</span> 
     </span>
     <span class='ocr_line' id='line_1_12' title="bbox 343 1153 1673 1215; baseline 0 -16"><span class='ocrx_word' id='word_1_70' title='bbox 343 1170 497 1215; x_wconf 83' lang='lat' dir='ltr'>regno</span> <span class='ocrx_word' id='word_1_71' title='bbox 526 1169 653 1212; x_wconf 89' lang='lat' dir='ltr'>esse,</span> <span class='ocrx_word' id='word_1_72' title='bbox 683 1153 897 1198; x_wconf 78' lang='lat' dir='ltr'>maxime</span> <span class='ocrx_word' id='word_1_73' title='bbox 932 1153 983 1197; x_wconf 93' lang='lat' dir='ltr'>in</span> <span class='ocrx_word' id='word_1_74' title='bbox 1023 1153 1236 1199; x_wconf 83' lang='lat' dir='ltr'>Civitate</span> <span class='ocrx_word' id='word_1_75' title='bbox 1267 1153 1567 1209; x_wconf 86' lang='lat' dir='ltr'>Parisiense,</span> <span class='ocrx_word' id='word_1_76' title='bbox 1596 1155 1673 1200; x_wconf 81' lang='lat' dir='ltr'>vel</span> 
     </span>
     <span class='ocr_line' id='line_1_13' title="bbox 340 1227 1675 1286; baseline 0.001 -12"><span class='ocrx_word' id='word_1_77' title='bbox 340 1229 476 1275; x_wconf 80' lang='lat' dir='ltr'>iuxta</span> <span class='ocrx_word' id='word_1_78' title='bbox 511 1243 637 1285; x_wconf 90' lang='lat' dir='ltr'>eam,</span> <span class='ocrx_word' id='word_1_79' title='bbox 666 1227 817 1273; x_wconf 88' lang='lat' dir='ltr'>etiam</span> <span class='ocrx_word' id='word_1_80' title='bbox 852 1227 1124 1286; x_wconf 81' lang='lat' dir='ltr'>captivum.</span> <span class='ocrx_word' id='word_1_81' title='bbox 1161 1229 1224 1274; x_wconf 91' lang='lat' dir='ltr'>Et</span> <span class='ocrx_word' id='word_1_82' title='bbox 1265 1242 1385 1273; x_wconf 88' lang='lat' dir='ltr'>sane</span> <span class='ocrx_word' id='word_1_83' title='bbox 1421 1228 1461 1273; x_wconf 92' lang='lat' dir='ltr'>si</span> <span class='ocrx_word' id='word_1_84' title='bbox 1498 1227 1675 1275; x_wconf 90' lang='lat' dir='ltr'>fuisset</span> 
     </span>
     <span class='ocr_line' id='line_1_14' title="bbox 343 1301 1673 1362; baseline 0 -13"><span class='ocrx_word' id='word_1_85' title='bbox 343 1303 585 1361; x_wconf 84' lang='lat' dir='ltr'>Parisius,</span> <span class='ocrx_word' id='word_1_86' title='bbox 617 1303 823 1348; x_wconf 86' lang='lat' dir='ltr'>absente</span> <span class='ocrx_word' id='word_1_87' title='bbox 845 1301 998 1346; x_wconf 88' lang='lat' dir='ltr'>Curia</span> <span class='ocrx_word' id='word_1_88' title='bbox 1020 1302 1173 1362; x_wconf 86' lang='lat' dir='ltr'>regia,</span> <span class='ocrx_word' id='word_1_89' title='bbox 1201 1313 1256 1348; x_wconf 90' lang='lat' dir='ltr'>ut</span> <span class='ocrx_word' id='word_1_90' title='bbox 1282 1318 1416 1348; x_wconf 89' lang='lat' dir='ltr'>nunc</span> <span class='ocrx_word' id='word_1_91' title='bbox 1445 1304 1602 1361; x_wconf 89' lang='lat' dir='ltr'>abest,</span> <span class='ocrx_word' id='word_1_92' title='bbox 1625 1315 1673 1349; x_wconf 91' lang='lat' dir='ltr'>et</span> 
     </span>
     <span class='ocr_line' id='line_1_15' title="bbox 342 1375 1673 1436; baseline 0 -13"><span class='ocrx_word' id='word_1_93' title='bbox 342 1378 491 1423; x_wconf 90' lang='lat' dir='ltr'>nobis</span> <span class='ocrx_word' id='word_1_94' title='bbox 520 1392 629 1422; x_wconf 91' lang='lat' dir='ltr'>eam</span> <span class='ocrx_word' id='word_1_95' title='bbox 667 1375 1013 1436; x_wconf 85' lang='lat' dir='ltr'>sequentibus,</span> <span class='ocrx_word' id='word_1_96' title='bbox 1042 1376 1291 1436; x_wconf 89' lang='lat' dir='ltr'>potuisset</span> <span class='ocrx_word' id='word_1_97' title='bbox 1316 1376 1436 1421; x_wconf 85' lang='lat' dir='ltr'>oriri</span> <span class='ocrx_word' id='word_1_98' title='bbox 1466 1377 1673 1436; x_wconf 89' lang='lat' dir='ltr'>aliquod</span> 
     </span>
     <span class='ocr_line' id='line_1_16' title="bbox 341 1451 1672 1512; baseline 0 -15"><span class='ocrx_word' id='word_1_99' title='bbox 341 1467 579 1512; x_wconf 81' lang='lat' dir='ltr'>magnum</span> <span class='ocrx_word' id='word_1_100' title='bbox 607 1451 925 1508; x_wconf 84' lang='lat' dir='ltr'>scandalum3</span> <span class='ocrx_word' id='word_1_101' title='bbox 947 1462 1121 1497; x_wconf 88' lang='lat' dir='ltr'>nostra</span> <span class='ocrx_word' id='word_1_102' title='bbox 1142 1462 1310 1496; x_wconf 89' lang='lat' dir='ltr'>tamen</span> <span class='ocrx_word' id='word_1_103' title='bbox 1331 1451 1601 1511; x_wconf 88' lang='lat' dir='ltr'>presentia,</span> <span class='ocrx_word' id='word_1_104' title='bbox 1624 1463 1672 1498; x_wconf 92' lang='lat' dir='ltr'>et</span> 
     </span>
     <span class='ocr_line' id='line_1_17' title="bbox 341 1525 1674 1586; baseline 0.002 -16"><span class='ocrx_word' id='word_1_105' title='bbox 341 1527 475 1585; x_wconf 91' lang='lat' dir='ltr'>apud</span> <span class='ocrx_word' id='word_1_106' title='bbox 502 1525 819 1571; x_wconf 91' lang='lat' dir='ltr'>Maiestatem</span> <span class='ocrx_word' id='word_1_107' title='bbox 846 1525 1035 1585; x_wconf 81' lang='lat' dir='ltr'>regiam</span> <span class='ocrx_word' id='word_1_108' title='bbox 1062 1536 1109 1571; x_wconf 92' lang='lat' dir='ltr'>et</span> <span class='ocrx_word' id='word_1_109' title='bbox 1143 1525 1266 1571; x_wconf 91' lang='lat' dir='ltr'>istos</span> <span class='ocrx_word' id='word_1_110' title='bbox 1302 1527 1387 1585; x_wconf 91' lang='lat' dir='ltr'>qui</span> <span class='ocrx_word' id='word_1_111' title='bbox 1422 1537 1600 1586; x_wconf 84' lang='lat' dir='ltr'>regunt</span> <span class='ocrx_word' id='word_1_112' title='bbox 1626 1538 1674 1572; x_wconf 89' lang='lat' dir='ltr'>et</span> 
     </span>
     <span class='ocr_line' id='line_1_18' title="bbox 343 1599 1674 1646; baseline 0 0"><span class='ocrx_word' id='word_1_113' title='bbox 343 1600 737 1646; x_wconf 84' lang='lat' dir='ltr'>Universitatem</span> <span class='ocrx_word' id='word_1_114' title='bbox 760 1600 1100 1645; x_wconf 75' lang='lat' dir='ltr'>parisiensem</span> <span class='ocrx_word' id='word_1_115' title='bbox 1122 1599 1465 1645; x_wconf 90' lang='lat' dir='ltr'>sollicitudine</span> <span class='ocrx_word' id='word_1_116' title='bbox 1493 1612 1540 1646; x_wconf 91' lang='lat' dir='ltr'>et</span> <span class='ocrx_word' id='word_1_117' title='bbox 1565 1601 1674 1646; x_wconf 92' lang='lat' dir='ltr'>dili-</span> 
     </span>
     <span class='ocr_line' id='line_1_19' title="bbox 341 1675 1676 1735; baseline 0.001 -15"><span class='ocrx_word' id='word_1_118' title='bbox 341 1675 510 1735; x_wconf 81' lang='lat' dir='ltr'>gentia</span> <span class='ocrx_word' id='word_1_119' title='bbox 550 1675 784 1721; x_wconf 88' lang='lat' dir='ltr'>effectum</span> <span class='ocrx_word' id='word_1_120' title='bbox 825 1686 899 1721; x_wconf 91' lang='lat' dir='ltr'>est</span> <span class='ocrx_word' id='word_1_121' title='bbox 925 1686 979 1722; x_wconf 93' lang='lat' dir='ltr'>ut</span> <span class='ocrx_word' id='word_1_122' title='bbox 1019 1690 1097 1720; x_wconf 90' lang='lat' dir='ltr'>res</span> <span class='ocrx_word' id='word_1_123' title='bbox 1125 1676 1251 1720; x_wconf 90' lang='lat' dir='ltr'>bene</span> <span class='ocrx_word' id='word_1_124' title='bbox 1278 1675 1592 1734; x_wconf 88' lang='lat' dir='ltr'>successerit,</span> <span class='ocrx_word' id='word_1_125' title='bbox 1629 1687 1676 1722; x_wconf 90' lang='lat' dir='ltr'>et</span> 
     </span>
     <span class='ocr_line' id='line_1_20' title="bbox 341 1749 1673 1810; baseline 0 -14"><span class='ocrx_word' id='word_1_126' title='bbox 341 1751 565 1796; x_wconf 87' lang='lat' dir='ltr'>Joannes</span> <span class='ocrx_word' id='word_1_127' title='bbox 608 1750 715 1810; x_wconf 92' lang='lat' dir='ltr'>ipse</span> <span class='ocrx_word' id='word_1_128' title='bbox 757 1750 907 1795; x_wconf 90' lang='lat' dir='ltr'>etiam</span> <span class='ocrx_word' id='word_1_129' title='bbox 949 1765 1063 1795; x_wconf 88' lang='lat' dir='ltr'>cum</span> <span class='ocrx_word' id='word_1_130' title='bbox 1102 1749 1380 1809; x_wconf 83' lang='lat' dir='ltr'>ignominia</span> <span class='ocrx_word' id='word_1_131' title='bbox 1421 1761 1559 1796; x_wconf 77' lang='lat' dir='ltr'>extra</span> <span class='ocrx_word' id='word_1_132' title='bbox 1602 1765 1673 1796; x_wconf 89' lang='lat' dir='ltr'>re-</span> 
     </span>
     <span class='ocr_line' id='line_1_21' title="bbox 341 1824 1671 1885; baseline 0 -15"><span class='ocrx_word' id='word_1_133' title='bbox 341 1841 494 1885; x_wconf 85' lang='lat' dir='ltr'>gnum</span> <span class='ocrx_word' id='word_1_134' title='bbox 522 1840 581 1870; x_wconf 81' lang='lat' dir='ltr'>ex</span> <span class='ocrx_word' id='word_1_135' title='bbox 603 1840 801 1870; x_wconf 87' lang='lat' dir='ltr'>carcere</span> <span class='ocrx_word' id='word_1_136' title='bbox 825 1840 926 1884; x_wconf 94' lang='lat' dir='ltr'>quo</span> <span class='ocrx_word' id='word_1_137' title='bbox 947 1825 1266 1871; x_wconf 87' lang='lat' dir='ltr'>detinebatur</span> <span class='ocrx_word' id='word_1_138' title='bbox 1288 1825 1471 1870; x_wconf 90' lang='lat' dir='ltr'>missus</span> <span class='ocrx_word' id='word_1_139' title='bbox 1497 1824 1671 1883; x_wconf 84' lang='lat' dir='ltr'>fuerit3</span> 
     </span>
     <span class='ocr_line' id='line_1_22' title="bbox 341 1899 1672 1959; baseline 0 -14"><span class='ocrx_word' id='word_1_140' title='bbox 341 1900 458 1945; x_wconf 91' lang='lat' dir='ltr'>licet</span> <span class='ocrx_word' id='word_1_141' title='bbox 485 1899 651 1959; x_wconf 81' lang='lat' dir='ltr'>magni</span> <span class='ocrx_word' id='word_1_142' title='bbox 695 1899 901 1945; x_wconf 90' lang='lat' dir='ltr'>Domini</span> <span class='ocrx_word' id='word_1_143' title='bbox 944 1899 987 1945; x_wconf 93' lang='lat' dir='ltr'>ei</span> <span class='ocrx_word' id='word_1_144' title='bbox 1021 1900 1260 1955; x_wconf 90' lang='lat' dir='ltr'>faverent,</span> <span class='ocrx_word' id='word_1_145' title='bbox 1290 1899 1421 1944; x_wconf 89' lang='lat' dir='ltr'>inter</span> <span class='ocrx_word' id='word_1_146' title='bbox 1461 1915 1588 1959; x_wconf 92' lang='lat' dir='ltr'>quos</span> <span class='ocrx_word' id='word_1_147' title='bbox 1624 1910 1672 1945; x_wconf 88' lang='lat' dir='ltr'>et</span> 
     </span>
     <span class='ocr_line' id='line_1_23' title="bbox 346 1973 1670 2034; baseline 0.001 -15"><span class='ocrx_word' id='word_1_148' title='bbox 346 1976 528 2019; x_wconf 90' lang='lat' dir='ltr'>Comes</span> <span class='ocrx_word' id='word_1_149' title='bbox 557 1974 838 2034; x_wconf 86' lang='lat' dir='ltr'>Delphinus</span> <span class='ocrx_word' id='word_1_150' title='bbox 867 1986 988 2032; x_wconf 90' lang='lat' dir='ltr'>erat,</span> <span class='ocrx_word' id='word_1_151' title='bbox 1034 1986 1197 2020; x_wconf 88' lang='lat' dir='ltr'>motus</span> <span class='ocrx_word' id='word_1_152' title='bbox 1227 1973 1461 2032; x_wconf 84' lang='lat' dir='ltr'>precibus</span> <span class='ocrx_word' id='word_1_153' title='bbox 1499 1975 1670 2020; x_wconf 80' lang='lat' dir='ltr'>uxoris</span> 
     </span>
     <span class='ocr_line' id='line_1_24' title="bbox 343 2045 1671 2108; baseline -0.004 -14"><span class='ocrx_word' id='word_1_154' title='bbox 343 2060 391 2094; x_wconf 89' lang='lat' dir='ltr'>et</span> <span class='ocrx_word' id='word_1_155' title='bbox 418 2048 944 2094; x_wconf 88' lang='lat' dir='ltr'>commendationibus</span> <span class='ocrx_word' id='word_1_156' title='bbox 987 2064 1082 2108; x_wconf 91' lang='lat' dir='ltr'>que</span> <span class='ocrx_word' id='word_1_157' title='bbox 1127 2063 1186 2094; x_wconf 81' lang='lat' dir='ltr'>ex</span> <span class='ocrx_word' id='word_1_158' title='bbox 1222 2047 1368 2093; x_wconf 89' lang='lat' dir='ltr'>Italia</span> <span class='ocrx_word' id='word_1_159' title='bbox 1408 2045 1671 2092; x_wconf 88' lang='lat' dir='ltr'>mitteban-</span> 
     </span>
     <span class='ocr_line' id='line_1_25' title="bbox 342 2119 1668 2183; baseline -0.004 -15"><span class='ocrx_word' id='word_1_160' title='bbox 342 2136 422 2169; x_wconf 88' lang='lat' dir='ltr'>tur</span> <span class='ocrx_word' id='word_1_161' title='bbox 450 2137 459 2167; x_wconf 86' lang='lat'>:</span> <span class='ocrx_word' id='word_1_162' title='bbox 487 2123 571 2182; x_wconf 86' lang='lat' dir='ltr'>qui</span> <span class='ocrx_word' id='word_1_163' title='bbox 599 2122 748 2168; x_wconf 90' lang='lat' dir='ltr'>etiam</span> <span class='ocrx_word' id='word_1_164' title='bbox 776 2134 848 2168; x_wconf 92' lang='lat' dir='ltr'>est</span> <span class='ocrx_word' id='word_1_165' title='bbox 874 2138 1051 2183; x_wconf 81' lang='lat' dir='ltr'>magne</span> <span class='ocrx_word' id='word_1_166' title='bbox 1078 2119 1668 2178; x_wconf 89' lang='lat' dir='ltr'>auctoritatis,cuiusque</span> 
     </span>
     <span class='ocr_line' id='line_1_26' title="bbox 344 2194 1670 2258; baseline -0.004 -16"><span class='ocrx_word' id='word_1_167' title='bbox 344 2212 496 2256; x_wconf 88' lang='lat' dir='ltr'>opera</span> <span class='ocrx_word' id='word_1_168' title='bbox 539 2197 777 2243; x_wconf 84' lang='lat' dir='ltr'>Maiestas</span> <span class='ocrx_word' id='word_1_169' title='bbox 834 2198 989 2258; x_wconf 78' lang='lat' dir='ltr'>Regia</span> <span class='ocrx_word' id='word_1_170' title='bbox 1027 2198 1079 2242; x_wconf 92' lang='lat' dir='ltr'>in</span> <span class='ocrx_word' id='word_1_171' title='bbox 1130 2195 1382 2257; x_wconf 89' lang='lat' dir='ltr'>presentia</span> <span class='ocrx_word' id='word_1_172' title='bbox 1423 2194 1581 2239; x_wconf 86' lang='lat' dir='ltr'>utitur</span> <span class='ocrx_word' id='word_1_173' title='bbox 1619 2194 1670 2238; x_wconf 89' lang='lat' dir='ltr'>in</span> 
     </span>
     <span class='ocr_line' id='line_1_27' title="bbox 345 2267 1669 2331; baseline -0.003 -15"><span class='ocrx_word' id='word_1_174' title='bbox 345 2271 478 2316; x_wconf 90' lang='lat' dir='ltr'>bello</span> <span class='ocrx_word' id='word_1_175' title='bbox 518 2271 787 2317; x_wconf 91' lang='lat' dir='ltr'>britonico.</span> <span class='ocrx_word' id='word_1_176' title='bbox 833 2273 1024 2331; x_wconf 90' lang='lat' dir='ltr'>Itaque,</span> <span class='ocrx_word' id='word_1_177' title='bbox 1068 2282 1123 2317; x_wconf 93' lang='lat' dir='ltr'>ut</span> <span class='ocrx_word' id='word_1_178' title='bbox 1171 2270 1404 2327; x_wconf 85' lang='lat' dir='ltr'>diximus,</span> <span class='ocrx_word' id='word_1_179' title='bbox 1452 2267 1669 2327; x_wconf 88' lang='lat' dir='ltr'>acceptis</span> 
     </span>
     <span class='ocr_line' id='line_1_28' title="bbox 345 2343 1668 2405; baseline -0.002 -16"><span class='ocrx_word' id='word_1_180' title='bbox 345 2345 524 2390; x_wconf 91' lang='lat' dir='ltr'>iisdem</span> <span class='ocrx_word' id='word_1_181' title='bbox 549 2345 805 2404; x_wconf 90' lang='lat' dir='ltr'>brevibus,</span> <span class='ocrx_word' id='word_1_182' title='bbox 835 2346 972 2392; x_wconf 92' lang='lat' dir='ltr'>aliud</span> <span class='ocrx_word' id='word_1_183' title='bbox 998 2361 1101 2392; x_wconf 91' lang='lat' dir='ltr'>non</span> <span class='ocrx_word' id='word_1_184' title='bbox 1141 2344 1235 2391; x_wconf 87' lang='lat' dir='ltr'>fuit</span> <span class='ocrx_word' id='word_1_185' title='bbox 1260 2344 1524 2405; x_wconf 82' lang='lat' dir='ltr'>agendum.</span> <span class='ocrx_word' id='word_1_186' title='bbox 1558 2343 1668 2402; x_wconf 85' lang='lat' dir='ltr'>Ipse</span> 
     </span>
     <span class='ocr_line' id='line_1_29' title="bbox 343 2416 1671 2482; baseline -0.004 -16"><span class='ocrx_word' id='word_1_187' title='bbox 343 2430 515 2466; x_wconf 72' lang='lat' dir='ltr'>‚autem</span> <span class='ocrx_word' id='word_1_188' title='bbox 542 2419 928 2467; x_wconf 87' lang='lat' dir='ltr'>Mirandulanus</span> <span class='ocrx_word' id='word_1_189' title='bbox 955 2420 1188 2482; x_wconf 90' lang='lat' dir='ltr'>promisit</span> <span class='ocrx_word' id='word_1_190' title='bbox 1214 2434 1266 2466; x_wconf 91' lang='lat' dir='ltr'>se</span> <span class='ocrx_word' id='word_1_191' title='bbox 1303 2429 1570 2465; x_wconf 89' lang='lat' dir='ltr'>venturum</span> <span class='ocrx_word' id='word_1_192' title='bbox 1609 2416 1671 2462; x_wconf 90' lang='lat' dir='ltr'>ad</span> 
     </span>
    </p>
   </div>
  </div>
 </body>
</html>
